2826 4619
721 185 845 307 λιι
902 197 1472 292 Aze‘xAnmtvM
1529 233 1916 288 uAeuvM.
2197 228 2344 312 18¹7

284 403 433 474 tum
478 423 685 496 opum
744 401 825 472 ad
880 405 1211 472 externam
1250 417 1728 491 quamcumque
1781 402 1912 468 vim
1969 361 2348 502 propulsi„-

282 507 441 573 dam
485 527 525 574 e
566 503 821 592 scythia
856 523 923 573 et
955 497 1239 574 subieffis
1268 499 1529 594 populis
1560 498 1826 570 conflari
1857 503 2096 594 pollet,
2149 508 2342 577 intel-

285 607 621 699 ligeretur.
720 607 999 679 Dabitur
1053 603 1215 674 mihi
1261 602 1488 688 venia,
1534 622 1686 676 cum
1712 603 1798 672 in
1811 624 2062 677 canone
2089 605 2212 680 hos
2238 631 2344 681 re·

282 731 405 804 ges
431 729 783 860 vtcumque
824 705 1039 801 posui.
1144 763 1149 768 .
1703 731 1712 748 ⁶

266 933 311 953 ν
522 905 780 1002 Regum
816 928 985 980 tanta
1032 901 1311 978 maiestas
1354 905 1514 991 fuit,
1560 925 1638 978 vt
1661 907 1954 996 Scythae
1997 915 2341 985 maximam
2423 894 2426 902 ¹

286 1013 695 1086 iurisiurandi
726 1011 973 1081 fidem
956 1031 1452 1102 interponerent
1485 1005 1609 1090 τὰς
1639 1007 2040 1136 fimo-sapias
2012 1042 2060 1093 a,
2035 1015 2188 1100 ίας,
2233 1041 2346 1084 re-

232 1123 429 1238 sgies
459 1116 652 1182 lares.
697 1117 771 1201 4)
818 1115 883 1181 Si
924 1116 1189 1210 quando
1232 1133 1354 1182 rex
1388 1121 1788 1208 aegrotaret,
1837 1110 2060 1209 laniem
2105 1147 2196 1206 w
2237 1116 2344 1188 οἱν-
2417 1159 2424 1172 ·

288 1213 521 1314 δςὸγυν
523 1243 624 1297 αι,
670 1213 903 1284 harioli
932 1236 1057 1284 tres
1100 1217 1480 1308 praecipuae
1521 1215 1908 1286 auGoritatis
1943 1217 2350 1302 adduceban-

292 1339 443 1402 tur,
516 1319 628 1408 qui
662 1317 927 1386 cauffam
972 1318 1189 1386 morbi
1232 1315 1728 1409 cognoscerent.
1839 1319 2230 1414 Plerumque
2275 1345 2352 1393 ea

292 1421 651 1500 ferebatur,
704 1439 946 1490 certum
986 1407 1357 1500 ho'nsxinemi
1424 1441 1622 1511 quem
1679 1419 1867 1491 etiam
1911 1424 2352 1507 nominabant,

294 1523 595 1624 periurio
612 1503 921 1613 obliga'li'e
946 1524 1187 1612 regiam
1218 1521 1512 1594 domum.
1615 1520 1942 1592 Addussus
1973 1547 2120 1594 reus
2147 1527 2212 1594 in
2239 1527 2354 1596 ha

294 1605 615 1696 riolorum
646 1620 1053 1715 conspefiium
1097 1621 1140 1690 fi
1167 1621 1554 1694 inficiaretur
1581 1625 1867 1707 crimen,
1913 1626 2352 1716 cognoscendi
2396 1703 2400 1710 ,
2461 1625 2466 1632 ’

170 1759 193 1788 t
294 1723 583 1820 potestas
604 1725 869 1794 dabatur
898 1725 1007 1794 sex
1033 1725 1165 1792 aliis
1192 1723 1497 1802 hariolis,
1545 1743 1832 1814 quorum
1891 1726 2136 1804 iudicio
2191 1751 2355 1798 con-

296 1831 669 1908 demnatus‚
736 1825 917 1894 illico
966 1819 1177 1914 capite
1240 1821 1657 1943 plectebatur.
1801 1824 1911 1892 Sin
1959 1825 2066 1896 sex
2123 1825 2348 1900 harioli

298 1953 483 2004 reum
518 1878 960 2028 abloluerent,
1006 1924 1111 1995 alii
1140 1941 1207 1992 et
1238 1922 1504 1994 iterum·-
1516 1923 1620 1994 alii
1662 1925 2059 2001 vocabamur
2096 1928 2350 2020 harioli,

300 2034 415 2123 qui
444 2027 487 2098 fi
518 2021 787 2118 plurima
812 2044 997 2118 parte
1022 2022 1494 2110 consentirent,
1545 2045 1716 2096 cern
1759 2029 2076 2119 pernicies
2119 2031 2348 2121 primis

300 2131 559 2202 hariolis
578 2149 787 2220 parata
802 2145 955 2209 erat,
970 2147 1293 2218 tamquam
1322 2123 2168 2242 impostoribus.1’laustrum
2185 2156 2354 2204 con-

297 2239 689 2308 cameratum
717 2227 1039 2300 sarmentis
1052 2227 1500 2313 referciebant,
1514 2251 1720 2323 eaque
1735 2231 1905 2302 inter
1917 2227 2220 2304 sarmenta
2237 2234 2350 2306 ha·
2401 2221 2406 2232 ’

300 2333 505 2411 riolos
538 2332 827 2403 manibus
849 2354 885 2401 a
906 2352 1096 2423 tergo
1114 2330 1516 2425 pedibusque
1531 2314 1902 2416 coustrie'is,
1917 2358 2038 2407 ore
2065 2336 2354 2413 obdura·
2453 2402 2464 2413 .

301 2460 400 2522 to,
425 2436 969 2528 compingebant,
990 2455 1131 2503 tum
1160 2434 1670 2505 incendebantet
1685 2434 1892 2505 boues
1879 2384 2202 2553 plaustro
2221 2442 2356 2510 alli-

304 2560 489 2635 gatos
534 2538 886 2609 terroribus
929 2536 1287 2627 agitabant,
1329 2554 1405 2605 vt
1453 2533 1588 2627 ipse
1627 2554 1844 2607 motus
1884 2540 2018 2607 vim
2054 2536 2354 2615 flammae

304 2645 527 2716 aleret.
672 2640 876 2731 Saepe
928 2636 1135 2709 boues
1170 2634 1284 2727 ipsi
1322 2636 1426 2706 ab
1459 2638 1612 2729 igne
1663 2639 1950 2731 correpti
2001 2643 2360 2731 perierunt,
2464 2638 2487 2645 “

306 2762 801 2855 nonnumquam
827 2736 1081 2813 euasere
1110 2734 1392 2809 ambusti.
1491 2742 1682 2833 Quos
1714 2757 1928 2811 autem
1973 2762 2098 2812 rex
2142 2766 2358 2817 morte
2413 2796 2418 2801 ·
2525 2830 2532 2839 ,

306 2846 681 2921 mulctabat,
730 2862 961 2912 eorum
992 2842 1181 2911 etiam
1216 2836 1329 2909 filii
1362 2837 1927 2924 interficiebantur,
1977 2843 2259 2935 puellis
2233 2870 2362 2939 pm·

234 2977 255 2989 ·
308 2950 561 3044 punitas
582 2936 727 3016 'suin
790 2970 805 2985 ·
874 2944 949 3032 ln
990 2938 1369 3014 foederibus
1408 2940 1588 3013 hunc
1615 2966 1868 3015 morem
1911 2940 2258 3021 seruorum.
2299 2948 2362 3046 5)

310 3043 602 3129 Cultello
629 3066 738 3116 aut
768 3023 986 3138 gladio
1017 3042 1081 3115 se
1112 3042 1486 3127 sauciantes,
1539 3042 1850 3137 sanguinis
1880 3046 2166 3140 aliquid
2150 3074 2216 3119 ιιι
2258 3074 2360 3121 ca·

306 3154 503 3223 licem
532 3152 863 3243 ingentem
890 3148 1049 3215 vino
1074 3144 1395 3239 repletu'm
1417 3146 1792 3230 mittebant,
1823 3146 2158 3221 acinacem'
2171 3176 2360 3234 vero,

312 3252 599 3347 sagittas,
662 3248 927 3322 securim
958 3270 1026 3317 et
1052 3250 1345 3319 iaculum
1368 3250 1566 3323 multa
1619 3252 1942 3343 apprecati
1983 3224 2363 3346 mergebant

284 3359 381 3427 'in
410 3355 646 3436 calice,
676 3372 817 3423 tum
852 3352 1073 3421 vinum
1100 3348 1403 3442 languine
1427 3350 1714 3437 humano
1745 3352 2122 3474 permistum·
2143 3358 2364 3447 primi,

230 3458 235 3465 ’
310 3460 429 3553 qui
456 3455 691 3527 foedus
722 3456 1003 3547 icet-ant,
1026 3453 1373 3545 potabant,
1402 3450 1752 3524 secundum
1777 3477 1892 3525 eos
1927 3458 2126 3530 ceteri
2151 3458 2362 3528 comi·

311 3564 453 3643 tes,
492 3559 617 3653 qui
642 3556 969 3649 dignitatis
996 3554 1201 3627 effent
1230 3558 1626 3647 praecipuae.
1757 3558 2062 3647 Sepulcra
2105 3554 2362 3651 Regum

164 3723 169 3734 .
310 3664 381 3735 in
418 3660 681 3733 Gerrhis
713 3657 997 3730 fuerunt.
1092 3659 1287 3750 Regis
1318 3654 1599 3733 defun&
1624 3656 1895 3731 cadauer
1923 3681 2068 3730 cera
2101 3660 2368 3731 induce·

313 3766 471 3837 bant
510 3760 819 3850 Scythae,
885 3760 1099 3831 aluum
1150 3780 1602 3853 expurgatam,
1659 3779 1944 3851 atquei
1900 3758 1944 3830 s
1949 3762 2080 3832 lere
2119 3780 2188 3833 et
2237 3762 2364 3833 thi-

314 3869 613 3937 miamate
638 3863 898 4000 apiique
920 3883 989 3937 et
1020 3857 1171 3933 anili
1200 3858 1544 3936 seminibus
1573 3863 1906 3957 impletam
1950 3861 2370 3948 consuebant.

2099 4054 2108 4065 ,
2227 3988 2368 4041 ιιιιιι

401 4092 701 4181 )41..Ν
750 4094 935 4168 &68-
1094 4090 1284 4174 5,)ib
1321 4109 1508 4179 070.
