2826 4619
335 331 339 342 ·
470 277 1036 380 xrtr'trontnv‘s
1091 324 1634 432 utrarum-fis
1689 325 1981 390 naam.
2097 318 2277 407 ⁸241
2393 322 2400 332 ·

230 487 421 564 fuere
456 492 683 562 Getae.
830 491 952 564 lllo
979 515 1011 560 a
1041 488 1343 564 seditiosis
1374 490 1618 584 ciuibus
1659 488 1940 573 sublato,
2007 499 2284 584 regnum

229 594 401 666 inter
429 595 645 686 plures
678 593 997 688 principes
1024 591 1291 664 diuisum
1323 591 1467 664 fuit.
1579 592 1796 661 Modo
1845 615 2072 662 eorum
2122 615 2282 686 qua-

229 713 385 766 tuor
420 694 712 776 fuerunt,
762 697 981 764 modo
1010 696 1301 786 quinque
1323 713 1391 774 et
1415 693 1526 763 vel
1555 694 1766 786 plures
1811 693 1915 764 vel
1945 697 2282 786 pauciores

235 819 527 866 numero,
579 795 643 890 ⁶)
674 800 847 865 -Ante
880 792 1235 888 Augustum
1288 792 1612 864 Caesarem
1651 795 1820 865 adeo
1866 795 2057 864 validi
2097 793 2286 872 fuere

236 899 481 981 Getae,
534 917 605 966 vt
634 898 709 966 ad
739 899 1013 975 ducenta
1044 896 1279 968 millia
1264 920 1328 966 m
1354 899 1552 967 aciem
1605 895 1858 989 poss‘ent
1898 897 2286 988 producere,

233 997 523 1090 Au'gustt
540 1020 699 1070 vero
734 993 1169 1116 temporibus,
1250 1018 1387 1068 tum
1431 991 1688 1067 diffidiis
1755 999 1922 1068 inter
1971 996 2077 1086 se,
2102 1017 2282 1068 tum

234 1101 453 1180 bellis,
504 1099 599 1170 sio
636 1102 831 1170 attriti
876 1100 1055 1184 sunt,
1117 1121 1189 1168 vt
1226 1097 1339 1169 sub
1395 1101 1645 1170 Tiberii
1686 1089 1993 1170 Caesaris
2013 1120 2326 1170 aetatem·
2387 1099 2412 1186 ,⁹

231 1197 463 1274 Strabo
517 1197 811 1286 testetur,
866 1223 1004 1270 non
1061 1197 1241 1275 fuiffe
1285 1202 1558 1296 amplius
1619 1223 1812 1293 quam
1872 1201 2288 1294 quadraginta

232 1303 427 1374 millia
456 1303 763 1396 virorum,
804 1303 917 1394 qui
942 1325 1109 1372 arma
1138 1299 1400 1374 ferrent.
1503 1306 1698 1374 Getas
1735 1323 1808 1372 vt
1839 1303 2080 1396 opinor
2108 1305 2285 1386 dicit,

232 1405 351 1496 qui
384 1406 447 1472 in
484 1405 799 1488 maiorum
834 1400 1079 1474 sedibus
1105 1402 1610 1496 permanserant,
1663 1425 1809 1474 cum
1845 1406 2040 1476 ceteri
2089 1426 2288 1474 nouas

236 1497 629 1598 quaesissent.
736 1505 1019 1590 Huiusce
1051 1507 1143 1574 rei
1174 1507 1481 1578 indicium
1511 1502 1600 1576 est
1647 1499 1826 1598 c'apta
1873 1527 2020 1584 ante
2067 1497 2292 1602 C.‚'N.

242 1627 366 1697 94.
398 1606 608 1675 Olbia.
706 1605 787 1676 Et
816 1607 968 1677 inde
998 1604 1135 1678 fere
1168 1608 1231 1674 in
1258 1606 1567 1694 Scythicis
1607 1608 1846 1699 campis
1891 1605 2290 1698 frequentius

245 1711 553 1780 Getarum
572 1727 1043 1800 nomen,quam
1072 1708 1451 1796 Scytharum
1491 1705 1620 1779 est.-
1701 1711 1828 1781 Sed
1861 1709 1944 1778 de
1969 1709 2067 1778 his
2095 1711 2287 1778 rebus

234 1805 505 1901 praestat
548 1807 866 1901 copiosius
922 1809 1141 1878 dicere
1204 1810 1271 1876 in
1332 1809 1678 1878 Memoriis
1743 1807 2022 1894 Geticis,
2093 1807 2288 1900 quam
2353 1801 2370 1812 ’

236 1912 373 1984 hoc
426 1911 607 1980 loco.
2211 1949 2218 1955 .

472 2013 642 2080 Nam
662 2027 781 2076 nos
808 2005 915 2078 hic
944 2004 1462 2098 potiusdicemus
1496 2008 1580 2079 de
1597 1979 1848 2078 Othino
1882 2009 2152 2101 eiusque
2177 2029 2295 2090 ex·

237 2110 580 2232 peditione
624 2109 691 2178 in
728 2107 1265 2200 septemtrionales
1299 2111 1635 2202 regiones,
1687 2119 1878 2240 'quam
1920 2112 1984 2179 in
2032 2112 2130 2180 his
2166 2112 2296 2182 Ge·

238 2215 381 2284 ticis
382 2210 855 2311 Scythicisque
895 2210 1097 2280 turbis
1140 2210 1459 2282 contineri
1490 2211 1716 2285 sentio.
1829 2213 2095 2284 Othini
2155 2235 2295 2282 me·

228 2317 445 2389 moria
478 2336 659 2395 vera,
708 2334 781 2383 vt
810 2332 1011 2404 puto,
1046 2307 1168 2397 est,
1194 2309 1301 2383 sed
1332 2316 1500 2387 adeo
1531 2314 1884 2387 deformata
1915 2319 1992 2385 ab
2003 2309 2295 2409 figmen-

238 2423 319 2491 tis
348 2438 484 2487 tum
520 2415 917 2508 vulgaribus,
966 2432 1102 2485 tum
1134 2417 1436 2503 eruditis,
1486 2437 1558 2487 vt
1591 2420 1704 2488 vix
1739 2418 2034 2489 colorem
2069 2438 2298 2534 quem-

240 2520 387 2591 dam
414 2520 695 2591 veritatis
723 2518 1032 2610 retineat,
1080 2532 1285 2607 vtque
1313 2520 1546 2587 mirum
1579 2540 1712 2587 non
1740 2516 1844 2601 lit,
1895 2540 2044 2589 cum
2087 2519 2152 2587 in
2198 2518 2296 2589 hia

154 2658 161 2663 ·
242 2644 409 2715 quae
466 2620 553 2691 de
626 2640 711 2687 eo
782 2618 1165 2697 traduntur,
1248 2636 1416 2688 tanta
1470 2616 1674 2688 exstet
1727 2619 1894 2710 apud
1955 2617 2298 2711 scriptores

241 2718 787 2817 septemtrionales
830 2713 1149 2788 difl'enlio.'
1242 2719 1422 2789 Dum
1467 2741 1592 2811 pro
1638 2718 1714 2789 se
1751 2722 2026 2837 quisque
2076 2720 2298 2789 omnia

241 2825 321 2895 ad
368 2822 533 2893 suam
568 2840 831 2912 gentem
857 2818 1083 2899 trahit,
1135 2818 1293 2891 dum
1343 2820 1540 2891 aliena
1583 2823 1873 2914 appetit,
1893 2842 2062 2889 non
2111 2820 2304 2913 adpa-

240 2945 379 3006 ret,
394 2923 585 3019 quid
618 2940 830 2991 teneat
861 2940 1180 3011 tamquam
1226 2923 1570 3013 proprium
1625 2921 1722 2992 vel
1788 2924 1852 2991 in
1895 2920 2163 2993 historia
2193 2917 2302 2993 vel

236 3012 438 3117 etiam
467 3024 533 3092 in
560 3020 786 3093 fabula.
936 3024 1101 3091 Cum
1145 3044 1307 3093 vero
1350 3022 1606 3095 diuinus
1645 3024 1852 3095 cultus
1905 3026 2130 3096 Odino
2139 3044 2300 3119 per
2381 3054 2390 3074 ι

246 3148 545 3227 omnem
547 3122 752 3195 ferme
784 3122 1109 3216 Europam
1136 3122 1720 3217 septemtrionalem
1763 3123 1852 3198 est
1881 3128 2186 3211 tributus,
2225 3126 2306 3197 id

244 3228 407 3299 mihi
443 3198 1223 3325 idoneum-argumentum
1250 3226 1510 3298 videtur
1534 3228 1698 3314 ess‘e,
1747 3248 1818 3298 vt
1847 3226 2138 3347 credam,
2189 3246 2310 3299 ex
2361 3289 2368 3295 .

248 3329 460 3401 stitisle
482 3330 757 3419 aliquem
786 3324 993 3421 prisco
1017 3348 1183 3397 aeuo
1219 3328 1540 3401 celebrem
1566 3330 1818 3413 virum,
1865 3311 2112 3423 magnis
2146 3327 2308 3399 faci·

248 3434 529 3503 notibus*
552 3431 931 3523 perpetratis
962 3426 1309 3521 insignem,
1368 3432 1566 3523 quem
1620 3430 1960 3501 hominum
2005 3428 2309 3525 simplici·

248 3553 341 3605 tas
364 3546 451 3607 ex
484 3530 760 3603 heroum
788 3548 1059 3603 numero
1090 3532 1416 3623 paullatim
1453 3536 1744 3604 euexerit
1774 3536 1856 3603 ad
1889 3534 2164 3612 deoset
2192 3528 2310 3601 de'·
2363 3570 2386 3587 ι

248 3637 451 3727 nique
476 3636 828 3727 praecipuo
868 3631 1127 3718 honore
1158 3652 1307 3703 ante
1338 3636 1502 3705 deos
1544 3634 1702 3705 alios
1745 3635 2046 3706 coluerit.
2196 3630 2308 3703 Ne

246 3758 447 3830 quem
507 3757 669 3807 veto
728 3753 1021 3819 moueat,
1074 3756 1223 3822 cum
1290 3756 1359 3807 et
1433 3734 1714 3807 fabulam
1768 3730 2122 3807 concedam
2183 3732 2310 3803 effe

250 3838 567 3913 Othinum
585 3854 714 3918 ..et
742 3838 1082 3909 veritatem
1109 3831 1177 3909 in
1212 3834 1424 3911 fabula
1453 3840 1801 3935 requiram,
1837 3834 2138 3934 figmenta
2167 3836 2312 3905 reii·
2363 3824 2382 3839 “

2127 3940 2313 4011 ciam.

330 4066 421 4169 6).
440 4062 647 4133 Strabo
679 4082 742 4151 p.
776 4083 907 4139 axo.
1036 4116 1041 4121 .
1308 4154 1381 4253 Q
