2826 4619
435 234 638 337 '106⁹
815 335 820 346 ,
1053 280 1168 343 ot,
1220 279 1459 332 uvno
1519 280 2009 346 caveastoae,
2074 318 2087 343 .

473 437 713 515 erium
745 441 808 514 se
831 420 1032 521 referi
1060 444 1141 515 ab
1169 445 1337 521 vrbe
1353 445 1781 529 Sermenraia,
1833 466 1920 515 ex
1952 468 2037 517 eo
2077 464 2298 517 notam
2352 466 2514 523 tem·
2588 422 2595 435 ’

353 551 360 559 “
473 550 658 641 poris
701 548 898 619 duco.
1059 546 1231 617 Nam
1278 542 1675 617 Motasemus
1720 548 2009 641 chalipha
2054 548 2286 619 Abbas
2292 546 2517 623 darum

377 646 392 655 ’
469 650 777 745 efflatus,
863 645 978 719 sub
1049 646 1465 742 auspicium
1452 652 1930 742 principatus,
2008 670 2255 743 quem
2252 658 2401 723 ’.Α
2434 657 2515 723 C.

451 754 1028 828 ,Iocccxxxnn
1073 752 1248 835 iniit,
1297 749 1512 820 se‘dem
1560 752 1815 843 imperii
1862 750 2162 844 Bagdado
2204 754 2519 823 transtulit

473 856 971 935 Sermenraiam,
1017 848 1186 921 haud
1227 853 1431 945 longe
1474 876 1509 922 a
1552 852 1936 947 Bagdad01
1895 852 1936 922 s
1942 874 2067 923 tam
2110 852 2191 931 ad
2234 854 2516 947 Tigrim.
2532 895 2543 909 ·

477 958 692 1028 Ceteri
733 950 1063 1045 chaliphae
1114 953 1423 1045 deinceps
1487 954 1566 1022 ad
1626 954 2101 1039 Motadedum‚
2164 952 2389 1025 eadem
2446 960 2513 1025 in

477 1058 642 1129 vrbe
669 1055 1050 1126 commorati
1083 1053 1242 1125 sunt.
1342 1055 1739 1127 Motadedus
1777 1060 1864 1127 A.
1910 1058 1989 1127 C.
2022 1060 2097 1127 10
2115 1080 2260 1127 ccc
2278 1078 2372 1128 xc
2394 1078 2517 1129 ιιι.

475 1158 690 1231 sedem
717 1156 972 1249 imperii
1005 1154 1308 1249 Bagdado
1349 1152 1633 1227 restituit.
1747 1160 1879 1229 Sex
1930 1158 2123 1251 igitur
2170 1158 2516 1253 chaliphae,

477 1262 654 1336 annis
684 1258 822 1327 fere
849 1254 1207 1349 sexaginta,
1258 1258 1693 1329 Sermenraiae
1720 1281 2030 1349 egerunt,
2085 1282 2305 1353 eoque
2350 1263 2515 1331 tem?-

478 1358 1036 1455 pore-plerosque
1077 1360 1459 1455 interpretes
1506 1362 1793 1429 Graecos
1832 1363 2001 1431 inter
2052 1366 2295 1435 Arabes
2320 1361 2523 1433 ‘fuiss'e

327 1487 333 1498 ·
401 1462 410 1472 '
477 1485 566 1532 ex
607 1458 1089 1554 Abulpharagio
1129 1462 1567 1553 intelligimus,
1598 1482 1882 1553 quorum
1914 1454 2188 1533 numero
2216 1465 2323 1535 hic
2353 1464 2524 1537 Aisa·
2638 1504 2645 1515 ·

478 1566 683 1634 lemus
711 1562 1138 1657 Altargjeman
1173 1563 1545 1634 inserendus
1576 1556 1685 1641 est}
1836 1560 2187 1635 Alsaiemus
2224 1568 2525 1639 Sermen

394 1690 402 1697 ·
479 1668 608 1736 raia
653 1686 803 1743 cum
861 1665 1090 1737 litteris
1159 1664 1515 1760 chaliphae
1561 1662 1891 1757 profeaus
1942 1664 2033 1735 est
2088 1668 2168 1734 ad
2224 1664 2521 1738 Isaacium

481 1756 628 1843 Ebn
691 1766 908 1839 {smael
967 1767 1314 1841 Armeniae
1365 1766 1789 1850 dominum,
1838 1768 1927 1837 Te
1925 1764 2240 1867 pblifium.
2412 1772 2523 1843 Ab

482 1874 781 1947 Armeno
809 1894 958 1942 cum
985 1870 1545 1949 commendaditiis
1574 1870 1801 1941 litteris
1830 1866 1912 1941 ad
1940 1870 2231 1964 regulum
2248 1866 2529 1966 Alsarae‘r,
2558 1903 2565 1917 ·

314 2009 331 2020 ·
482 1996 676 2067 atque
705 1972 1013 2072 deinceps
1043 1976 1123 2043 ad
1155 1975 1450 2065 teguium
1492 1972 1641 2039 Lan-
1670 1994 1740 2044 et
1779 1972 2121 2044 dominum
2168 1969 2529 2067 Philasbbae

481 2078 806 2169 peruenit.
903 2076 1012 2143 Ab
1038 2072 1170 2143 hoc
1194 2078 1487 2165 quinque
1516 2074 1872 2165 impetratis
1927 2074 2230 2169 ducibus,
2284 2072 2527 2164 septem
2566 2140 2571 2143 .

481 2196 554 2246 et
577 2176 806 2269 viginti
855 2173 1085 2243 diebus
1121 2174 1204 2241 ad
1245 2194 1577 2245 extremos
1618 2170 1779 2239 fines
1825 2177 2167 2265 regionum
2216 2172 2538 2277 Bcfigerd

447 2333 453 2338 .
485 2274 870 2371 penetrauit.
971 2274 1157 2344 Haec
1191 2288 1318 2342 tam
1344 2270 1610 2342 obscura
1640 2274 1899 2341 nomina
1950 2277 2017 2342 in
2058 2278 2349 2346 Romana
2389 2278 2529 2347 edi-

479 2381 668 2447 tione
691 2375 800 2480 (in
833 2395 956 2468 qua
991 2373 1304 2447 Eledrisus
1333 2367 1597 2468 peffime
1626 2368 1875 2444 habitus
1906 2394 2363 2467 truncamque
2390 2401 2531 2448 me-

483 2481 632 2551 liori
659 2473 842 2574 parte
868 2475 990 2572 est)
1023 2477 1428 2571 interpretari
1457 2497 1579 2544 nos
1604 2495 1909 2568 oportet.
1988 2481 2052 2550 A
2094 2475 2375 2550 Teflffio
2412 2503 2530 2551 ve·
2556 2475 2564 2486 '

485 2577 584 2654 nit
624 2584 690 2652 in
715 2569 1009 2680 Alsaerir,
1063 2600 1230 2673 quae
1259 2580 1447 2676 regio
1484 2575 1593 2648 fita
1638 2576 1728 2648 est
1778 2577 1861 2648 ad
1902 2577 2203 2674 Caspium
2240 2603 2419 2652 mare
2457 2601 2533 2654 et

483 2679 738 2780 Alsbrir
759 2675 1038 2754 Aldebeb
1071 2677 1377 2778 (thronus
1407 2685 1678 2772 aureus)
1712 2701 2006 2767 vocatur,
2056 2683 2121 2751 in
2154 2705 2281 2776 qua
2312 2683 2532 2756 cense-

487 2809 596 2859 tur
621 2785 1060 2862 Derbentum.
1211 2781 1354 2854 Lan
1387 2785 1641 2854 videtur
1683 2804 2063 2874 corruptum
2092 2807 2177 2856 ex
2208 2783 2532 2884 Lahgjan,

485 2911 656 2982 quae
693 2887 906 2956 vrbs
888 2909 956 2954 ιιι
1001 2884 1226 2957 Gitana
1265 2885 1542 2976 regione
1586 2881 1714 2968 est,
1796 2888 2109 2978 Laginum
2178 2885 2533 2980 Europaeis

413 3055 424 3064 .
464 2975 763 3069 dicium,
817 2987 1136 3078 quadrimi
1165 2989 1270 3056 via
1315 3009 1350 3055 a
1381 2987 1691 3058 Casbin0.
1792 2981 2163 3080 Pbitaftbah
2201 2989 2390 3078 quale
2438 2988 2533 3077 fit,

489 3093 780 3183 augurari
815 3111 948 3158 non
980 3087 1254 3179 possum.
1351 3093 1442 3156 At
1476 3085 1795 3187 Besgerd
1821 3085 1915 3159 est
1944 3090 2129 3184 regio
2178 3085 2371 3185 Basta,
2394 3087 2535 3164 seu

301 3215 306 3226 ¹
441 3214 448 3226 ’
488 3213 562 3260 vt
613 3187 856 3268 Arabes
897 3188 1364 3292 pronunciant,
1435 3187 1676 3283 Phasin,
1742 3187 1913 3280 quast
1964 3190 2277 3261 borealem
2340 3193 2533 3278 dicas,

487 3289 676 3392 quod
735 3289 815 3362 ad
871 3307 1089 3368 ortum
1137 3275 1491 3365 brumalem
1552 3290 1971 3386 Persepoieos
2026 3295 2199 3366 vrbis
2255 3294 2363 3365 fita
2390 3293 2533 3365 est.

323 3397 343 3409 ‘
491 3395 672 3466 Hinc
713 3395 781 3464 in
825 3394 1098 3484 regione
1125 3393 1306 3488 nigra
1352 3391 1756 3482 (Cimmerias
1804 3393 2096 3466 tenebras
2140 3397 2537 3468 inaudiuerat

489 3491 853 3567 vaniffimus
907 3493 1147 3590 homo)
1201 3492 1432 3567 decem
1479 3498 1707 3568 itinere
1758 3496 2007 3567 dierum
2064 3496 2233 3569 adeo
2280 3496 2537 3570 foetere

493 3621 706 3670 aerem
737 3595 889 3669 sens
867 3616 956 3682 t,
1007 3618 1081 3668 vt
1101 3619 1296 3692 aegre
1335 3597 1549 3670 dirum
1580 3600 1857 3670 odorem
1900 3598 2178 3670 balsamis
2215 3621 2537 3693 tempera-

497 3725 612 3774 ret.
711 3703 953 3772 Itinere
977 3697 1205 3772 meniis
1232 3703 1453 3787 vnius,
1504 3723 1622 3795 pet
1652 3701 1791 3770 10oe
1814 3723 1849 3770 a
1876 3703 2081 3796 Gogo
2106 3703 2535 3796 Magogoque

493 3803 718 3874 vastata
747 3801 1094 3896 confecto,
1142 3803 1433 3896 denique
1468 3801 1617 3898 post
1662 3799 1771 3874 sex
1809 3801 1965 3872 alios
2012 3805 2146 3876 dies
2184 3805 2266 3874 ad
2304 3801 2536 3874 Chaca·

495 3927 654 3975 num
681 3907 892 3978 Oreos
927 3907 1143 3992 venit,
1191 3907 1304 4000 qui
1333 3907 1705 4004 propinqua
1746 3905 1955 3980 monti
1988 3905 2141 3976 huic
2166 3905 2391 3986 tenuit,
2419 3927 2535 3974 cu-

493 4009 590 4080 ius
611 4008 680 4078 in
707 4006 888 4090 hiatu
914 4029 1112 4106 agga·
1138 4027 1296 4086 erat.
1391 4010 1539 4086 Hic
1550 4009 1659 4082 ille
1686 4029 1945 4090 murm»
1971 4005 2251 4104 inspexit
2280 4005 2537 4078 duobus

2392 4105 2537 4191 fere
2600 4219 2611 4240 .
