2826 4619
839 292 1259 375 pharamia
1316 318 1906 415 monimen-rof
1998 283 2010 299 ⁸
2208 318 2362 403 479

240 482 493 557 nmine
520 480 691 555 abuti
718 502 935 565 nouo,
974 506 1121 555 cum
1166 496 1294 553 tam
1321 484 1474 561 ιιοιι
1518 485 1684 566 inter
1734 500 1962 552 omnes
2005 482 2204 555 effent
2240 483 2390 555 illo

314 588 519 659 veteri
534 580 922 656 Delictum.
968 586 1217 655 Νιιιιιι
1238 588 1570 654 ΔΗΛΙΩΝ
1587 574 1866 675 inscripti
1893 584 2156 653 nomine
2183 574 2368 655 com-
2477 650 2492 665 ,

314 686 531 781 plures
569 683 847 768 exstant,
902 686 979 755 ab
1036 675 1376 755 Harduino
1423 688 1614 757 etiam
1657 683 2012 769 obseruari,
2070 684 2176 757 sed
2195 706 2366 772 ante
2411 758 2416 779 ,
2450 752 2458 759 ,

314 789 811 861 Mithridaticam
840 786 1083 857 cladem
1104 784 1379 879 perculi.
1533 856 1545 871 s

542 890 875 961 Obiiciuut
906 889 987 957 se
994 888 1155 977 mihi
1175 910 1403 983 magna
1437 890 1732 973 nomina,
1779 870 2063 980 quorum
2103 887 2374 977 auflori-

311 1008 439 1064 tate
464 1012 934 1071 commoneor,
952 1011 1132 1061 cum
1162 990 1465 1060 Hadriani
1501 982 1780 1085 imperio
1825 987 2170 1059 restitutam
2227 990 2366 1059 De-

311 1090 445 1162 lum
492 1110 561 1161 et
598 1086 985 1161 referendas
1009 1094 1087 1161 ad
1130 1112 1203 1161 ea
1246 1111 1574 1185 tempora
1592 1090 1883 1161 Deliacas
1921 1062 2368 1182 inscriptiones
2475 1094 2490 1109 '

310 1191 733 1263 contendunt.
832 1190 1171 1284 losephum
1196 1194 1353 1263 dico
1388 1192 1776 1285 scaligerum
1801 1244 1822 1273 ,
1873 1193 2174 1271 lacobum
2199 1193 2368 1284 Spo-

311 1296 527 1387 nium‚
586 1292 991 1363 Ezechielem
1049 1285 1502 1385 Spanhemiu'm
1549 1312 1616 1364 et
1660 1292 2014 1365 Henricum
2070 1292 2368 1366 Doduelr

312 1392 470 1464 lum.
570 1390 745 1464 Istos·
773 1392 961 1465 antes
942 1415 1192 1487 gnatos
1223 1395 1289 1465 hi
1316 1397 1454 1465 duo
1481 1394 1610 1464 fine
1643 1392 2080 1468 controuersia
2102 1392 2244 1463 sunt
2277 1390 2368 1465 se-

202 1566 209 1573 .
310 1496 468 1568 cuti.
570 1496 849 1589 Sponius
873 1494 1516 1589 cuminscriptionem
1534 1497 1862 1567 Deliacam
1880 1514 2016 1565 non
2049 1498 2366 1588 integram
2481 1572 2486 1587 ,

308 1616 380 1668 et
404 1597 879 1689 corruptiorem
904 1594 1005 1668 sua
1039 1598 1225 1693 culpa
1254 1595 1355 1695 (vt
1382 1598 1817 1693 plerumque
1801 1620 1866 1665 ιιι
1915 1596 2073 1670 aliis
2091 1599 2151 1667 ei
2197 1598 2365 1669 acci-

308 1680 435 1787 dit)
464 1699 825 1793 euulgaret,
876 1701 941 1768 in
978 1721 1105 1792 qua
1149 1700 1403 1791 legebat
1448 1700 2232 1769 ΔΗΜΟΣΑΘΗΝΑΙΩΝ
2279 1696 2366 1769 de
2477 1780 2486 1791 ,
2601 1706 2606 1713 ’

306 1796 507 1879 vrbe,
566 1798 837 1871 Athenis
878 1800 1089 1870 Nouis
1150 1802 1487 1880 Adrianis‚
1565 1801 1762 1881 dicia,
1829 1802 1894 1867 in
1936 1798 2124 1868 insula
2165 1800 2366 1880 Delu,

146 1884 181 1992 ‘⁸
244 1936 275 1959 ··
308 1898 695 1992 Scaligerum
731 1898 976 1970 secutus
1012 1902 1358 1993 cogitauit,
1402 1899 1750 1981 Harduino
1777 1897 2220 1992 intempestiue
2266 1923 2368 1970 re-

298 1998 644 2095 prehet'tl‘b,
662 2002 860 2092 quivt
886 2002 1403 2071 ANTIOXEQN
1432 2004 1614 2069 ΤΩΝ
1653 2006 1774 2069 EN
1797 2002 2366 2069 ΠΤΟΛΕΜΑΙΔΙ

276 2102 551 2187 fuerat
535 2122 1014 2195 interpretatus,
1062 2100 1586 2183 Antiochensium
1627 2100 2026 2193 Ptolemaide
2065 2122 2364 2173 commo-

298 2204 617 2285 tantiam,
669 2204 905 2276 eodem
936 2204 1191 2275 modo
1174 2228 1239 2273 ιιι
1280 2204 1690 2299 quibusdam
1705 2203 2099 2291 Gruterianis
2151 2202 2370 2279 inscri-

302 2306 645 2400 ptioaeibu's
704 2302 1355 2378 ΑΘΗΝΑΙΩΝΤΩΝ
1423 2309 1552 2376 EN
1640 2292 1880 2376 ΔΗΛΩ
1983 2304 2370 2400 explicabat.
2417 2346 2424 2358 .

278 2399 666 2502 'sponium
649 2429 937 2500 ignarum
954 2410 1237 2485 Graecae
1266 2409 1518 2500 linguae
1550 2408 1710 2478 nihil
1741 2429 1990 2478 moror.
2084 2407 2368 2500 spanhe-

214 2571 225 2583 .
302 2513 468 2580 mius
480 2531 546 2580 et
560 2509 931 2583 Doduellus
961 2531 1069 2578 me
1098 2527 1391 2579 mouent.
1487 2511 1695 2577 Hicin
1724 2501 2143 2578 eruditiffimc
2159 2529 2366 2602 opere
2421 2584 2426 2588 ,
2503 2561 2510 2568 .

302 2611 391 2682 de
420 2611 647 2698 cyclis,
678 2631 827 2678 cum
862 2601 1198 2702 ἀρχόντων
1222 2607 1501 2680 indicem
1537 2606 1960 2699 malignanter,
1993 2607 2366 2697 Phaedriam

302 2711 483 2781 illum
512 2701 716 2801 ipsum
767 2729 861 2779 ex
904 2709 1167 2801 Sponii
1180 2705 1596 2798 inscriptione
1639 2707 2040 2784 Archontem
2085 2711 2365 2782 incertae
2471 2715 2478 2730 “

306 2811 541 2896 εειειιὶι,
592 2803 733 2903 post
766 2809 1167 2880 Hadrianum
1196 2829 1409 2880 tamen
1440 2807 1628 2882 fuill'e
1656 2813 1982 2904 opinatur.
2083 2809 2366 2902 Spanhe-

306 2913 472 2982 mius
515 2913 583 2980 in
628 2910 999 2982 Callimachi
1048 2911 1323 2993 Delum,
1380 2913 1504 2994 eis,
1555 2933 1720 3004 quae
1767 2913 2050 3003 Sponius
2093 2912 2365 2997 dixerat,
2451 2995 2458 3000 .

304 3011 607 3090 affensum
641 3009 929 3104 praebet.
1026 3013 1378 3084 Enimuero
1404 3037 1492 3085 ex
1509 3012 1717 3087 nostra
1744 3011 2154 3106 inscriptione
2169 3037 2368 3107 quam

200 3123 208 3130 ’
284 3109 629 3188 clarissime
663 3111 927 3186 inferius
952 3116 1267 3208 aperiam,
1316 3109 1924 3209 reprehendendum
1957 3117 2397 3211 Hatduinumq
2491 3143 2520 3158 κ
2557 3157 2604 3216 3

180 3284 187 3292 .
280 3239 445 3315 Ιιιοιι
474 3213 678 3288 fu'iss'e.
782 3217 882 3286 Ex
902 3216 1139 3309 Sponii
1165 3237 1373 3290 autem
1404 3215 1818 3308 inscriptione
1860 3217 2035 3290 idem
2075 3217 2242 3290 adeo
2283 3219 2368 3286 li-

308 3337 521 3412 quet,·.
548 3336 621 3388 vt
648 3315 809 3386 nihil
844 3315 1047 3409 supra.
1148 3319 1223 3387 In
1250 3341 1322 3390 ea
1356 3319 1530 3388 enim
1565 3321 1798 3401 Patron
1830 3319 2062 3390 dicitur
2107 3315 2365 3410 persua-

306 3418 441 3492 fiss‘e
470 3420 751 3512 collegio
784 3419 1133 3508 Tyriorum
1166 3429 1634 3506 mercatorum,
1659 3421 1666 3432 “
1687 3441 1758 3491 vt
1795 3418 1876 3489 ad
1903 3421 2201 3488 Senatum
2233 3430 2397 3511 po-²

303 3519 663 3615 pulumque
688 3519 1143 3592 Atheniensem
1172 3523 1510 3592 mitterent
1539 3522 1948 3614 legationem,
1985 3541 2110 3611 qua
2141 3519 2366 3592 instru-

306 3624 560 3694 entibus
611 3616 1258 3715 Herculis·t,emplum
1306 3622 1628 3713 quandam
1679 3626 1964 3713 gratiam
1993 3624 2369 3714 impetrent.

284 3718 407 3793 'Est
436 3721 565 3796 hoc
593 3724 745 3794 loco
772 3721 1100 3817 inscriptio
1130 3743 1438 3815 perquam
1469 3721 1786 3805 mutilata,
1834 3721 2198 3815 praeterea,
2247 3723 2364 3794 vbi
2509 3755 2514 3762 ·

183 3905 192 3912 ,
302 3829 551 3916 integra
575 3822 697 3906 est,
748 3845 783 3894 a
811 3825 1064 3920 Sponio
1090 3846 1225 3893 non
1252 3825 1592 3918 intellessa,
1607 3823 1744 3902 ίὲίι
1770 3823 2006 3894 restitui
2033 3824 2214 3920 nullo
2248 3845 2367 3896 ιιο-

307 3929 494 4020 gotio
538 3924 785 4020 potest,
832 3946 933 4008 et,
983 3919 1027 3996 s
1076 3923 1230 3996 nihil
1276 3929 1341 3995 in
1390 3948 1467 3996 ea
1511 3926 1888 4006 emendem,
1957 3944 2173 3998 tamen
2223 3917 2366 3998 satia
2469 3919 2512 3972 ἔ

306 4050 618 4156 apparere
654 4026 885 4113 censeo
898 4077 921 4120 ,
967 4026 1267 4138 athenas
1278 4029 1577 4144 Atticas,
1627 4049 1765 4100 ιιοιι
1807 4026 2030 4105 nelias
2047 4075 2106 4118 ,
2143 4025 2362 4100 nescio

2067 4197 2074 4206 .
2195 4147 2358 4224 quas
