2826 4619
636 0 792 45 μή,

352 300 379 343 “»
424 316 439 359 ι

318 418 643 499 Arcefilas
673 421 949 515 repetit,
1002 363 1165 493 nihil
1196 423 1333 493 veri
1359 422 1426 491 in
1473 422 1666 494 rebus
1693 420 1854 505 ell'e,
1905 406 2090 515 qnod
2132 424 2404 499 Carnea-

316 528 441 599 des
476 532 566 597 ita
590 527 967 605 exornauit‚
1012 544 1085 593 vt
1118 522 1247 593 esse
1289 526 1556 616 quidem
1609 526 1884 610 diceret,
1935 524 2058 611 sed
2087 530 2399 619 cognosci

310 652 355 699 a
388 630 587 700 nobis
624 649 761 698 non
793 626 1009 720 polle,
1063 627 1283 717 itaque
1308 627 1373 695 in
1417 628 1713 697 vtramuis
1741 648 1988 722 partem
2017 626 2408 720 disputabat·

312 732 533 805 Haec
548 751 721 800 noua
768 728 1111 799 Aoedemia
1162 730 1441 799 maxime
1484 732 1722 799 arrexit
1763 730 2059 823 ingenia,
2119 752 2266 801 cum
2324 736 2393 803 ἰιι
2485 726 2496 747 ⁴

290 834 503 903 omni
536 831 965 931 disputabat.
1016 832 1201 920 Haeo
1236 851 1405 901 noua
1448 824 1791 901 Academia
1837 833 2118 909 maxime
2157 834 2394 907 arrexit

306 936 613 1029 ingenia,
662 954 809 1005 cum
844 933 911 999 in
942 922 1125 1001 omni
1166 928 1597 1024 disputatione
1623 934 1865 1051 aliquid
1911 936 2066 1005 noui
2101 932 2389 1010 haberet.

302 1038 393 1109 Et
420 1042 675 1107 Romae
700 1035 971 1127 quidem
1002 1035 1117 1104 vix
1148 1033 1357 1106 tulere
1380 1031 1742 1127 adspectum
1785 1028 1866 1107 i't'a
1905 1036 2256 1108 differentis
2298 1038 2386 1115 de
2477 1112 2486 1122 ,

300 1136 573 1229 iustitia,
620 1136 891 1207 Athenis
919 1155 1081 1207 vero
1112 1157 1262 1207 eum
1294 1158 1500 1228 aeque
1530 1158 1603 1207 vt
1630 1134 2024 1231 Aristippum
2067 1158 2134 1211 et
2176 1140 2422 1210 Zeno-¹

300 1260 467 1310 nem
498 1244 567 1311 in
590 1239 835 1311 caelum
862 1230 1223 1309 efferebant
1268 1238 1577 1310 laudibus.
1589 1236 1600 1245 ’
1682 1242 1776 1309 Vt
1805 1241 2044 1333 aliquid
2089 1242 2245 1311 noui
2275 1239 2404 1327 ha·‚

299 1342 494 1413 beret
547 1337 1001 1434 Democritus,
1079 1340 1329 1409 ridebat
1388 1335 1492 1409 aff
1495 1342 1652 1411 due
1735 1344 2095 1413 Heraclitus
2153 1343 2383 1415 eadem

298 1442 506 1515 causta
540 1443 856 1535 plorabat.
956 1448 1021 1514 A
1050 1444 1223 1513 Pauli
1259 1464 1532 1535 quoque
1570 1464 1638 1513 et
1677 1426 1994 1516 Barnabae
2035 1445 2377 1517 concioni-

296 1544 425 1615 bus
472 1568 609 1613 non
654 1546 1038 1615 abhorrebat
1083 1546 1369 1640 populus
1411 1543 1637 1615 eadem
1687 1548 1978 1620 nouitate
2050 1546 2376 1617 induatis·

292 1644 665 1739 praesertim
696 1644 1006 1731 Athenis,
1054 1648 1165 1715 vbi
1210 1668 1281 1717 vt
1323 1648 1526 1717 Lucas
1531 1647 1672 1733 ait,
1721 1650 1788 1717 in
1829 1648 2064 1719 nullam
2105 1670 2246 1719 rem
2290 1648 2378 1719 ita

294 1751 519 1819 arretii
550 1768 731 1819 erant
764 1750 975 1835 ciues,
1024 1769 1217 1841 quam
1244 1750 1333 1817 vti
1374 1750 1530 1817 noui
1559 1747 1888 1843 quidpiam
1921 1768 2029 1819 aut
2057 1744 2375 1837 audirent,

294 1870 409 1921 aut
434 1847 748 1923 dicerent.
847 1848 1104 1919 Idcirco
1153 1846 1558 1919 consuetudo
1598 1851 1806 1941 gentis
1858 1850 2154 1931 serebat„
2189 1870 2259 1919 vt
2302 1854 2374 1921 in
2500 1934 2508 1945 ,

287 1953 563 2045 publico
584 2002 605 2036 ,
650 1966 763 2021 aut
787 1949 1071 2033 theatro,
1088 1970 1229 2031 *aut
1257 1948 1418 2043 aede
1447 1950 1653 2043 aliqua
1681 1972 1789 2023 aut
1815 1951 1882 2022 in
1915 1950 2069 2021 foro
2097 1973 2371 2033 concur}-

174 2066 187 2077 “
290 2054 399 2125 sus
432 2052 771 2123 hominum
806 2050 993 2135 fieret
1018 2053 1332 2135 adeum,
1386 2050 1586 2143 quern
1609 2052 1831 2124 habitu
1869 2050 2367 2147 philosophum,

208 2204 243 2217 f
281 2175 401 2227 *aut
428 2156 590 2227 noui
619 2155 779 2247 quid
812 2155 1095 2244 prodere
1122 2156 1506 2227 cernerent?
1543 2152 1764 2251 Quam
1795 2154 1984 2225 auide
2017 2154 2368 2231 Lucianutn

274 2255 477 2353 'saepe
518 2254 1095 2352 circumstiterunt?
1163 2280 1353 2350 quam
1398 2258 1635 2352 cupide
1667 2256 2154 2346 'Borysthenitae
2191 2257 2371 2330 Dio-2
2496 2264 2505 2271 “

284 2383 441 2431 nem
474 2358 995 2450 Chrysostomum
1026 2357 1317 2432 obtestati
1345 2359 1522 2442 sunt,
1569 2379 1639 2428 vt
1670 2361 1754 2428 de
1796 2353 2204 2452 philosophia
2255 2359 2380 2436 alis,

280 2464 461 2557 quid
474 2463 759 2534 diceret?
830 2483 1139 2554 quantum
1172 2461 1351 2530 illum
1387 2455 1949 2578 praestigiatorem·
1963 2462 2361 2554 Thynneum

268 2555 715 2658 Apollonium
764 2560 959 2631 secuti
1005 2559 1144 2630 sunt
1188 2563 1462 2632 omnes?
1512 2563 1644 2630 lam
1691 2562 1844 2630 duas
1887 2564 2017 2632 vias
2054 2563 2134 2630 ad
2182 2579 2356 2647 noua
2461 2605 2474 2618 ·

272 2665 659 2756 reperienda
688 2659 1046 2754 propofitas
1077 2664 1357 2732 maxime
1382 2663 1768 2744 cernebant,
1817 2659 1863 2732 st
1891 2665 1992 2732 vel
2025 2685 2142 2754 per
2173 2660 2234 2732 se
2282 2679 2352 2736 et
2397 2747 2406 2765 ·

257 2763 757 2858 inuestigandO,
810 2763 1098 2856 aliquid
1082 2763 1484 2846 inuenirent,
1533 2764 1640 2832 vel
1683 2763 1946 2857 alonge
1975 2761 2097 2835 fitis
2133 2769 2348 2858 genti-

271 2867 395 2938 bus
432 2883 824 2958 repeterent.
976 2867 1345 2955 Vtrumque
1386 2863 1482 2934 ad·
1509 2866 1862 2960 augendam
1907 2865 2343 2936 eruditionem
2403 2882 2408 2890 ·

270 2968 547 3040 multum
592 2967 841 3049 valere,
898 2990 1127 3039 omnes
1168 2967 1556 3058 intelligunt.
1708 2963 2168 3042 Aufidum-02
2211 2987 2342 3036 ma-

266 3091 433 3166 gnae
464 3069 869 3172 admirationi
901 3090 1114 3152 erant,
1170 3090 1240 3138 vt
1270 3070 1574 3142 Pindarus
1605 3091 1721 3142 eos
1757 3071 1922 3142 solos
1951 3070 2075 3140 diis
2107 3091 2340 3162 aequa·

264 3173 357 3244 les
389 3161 587 3252 feratss
640 3193 787 3244 cum
814 3173 1047 3253 ceteri,
1092 3177 1229 3244 eius
1255 3169 1604 3254 sententia,
1654 3172 1832 3244 humi
1867 3171 2142 3262 serpant.
2225 3171 2377 3242 Ad

260 3277 669 3369 Aegyptios,
736 3273 1129 3368 Chaldaeos,
1185 3274 1502 3345 Indorum
1543 3272 2132 3368 gymnosophistas,
2188 3279 2335 3344 Pet·
2447 3338 2451 3346 .

261 3375 467 3448 farum
499 3397 721 3470 magos
762 3397 829 3446 et
858 3396 1243 3470 quacunque
1272 3379 1568 3480 quemuis
1592 3377 1822 3447 lubido
1853 3375 2088 3447 sciendi
2119 3375 2346 3450 trane-

252 3497 392 3561 ret,
443 3481 663 3547 itinera
694 3473 967 3549 instituta
1012 3499 1472 3552 memorantur.
1573 3481 1652 3548 Et
1678 3479 1780 3552 illa
1821 3475 2088 3570 quidem
2134 3497 2360 3584 parua

252 3579 537 3674 impensa
565 3577 825 3650 fiebant.
906 3567 1295 3673 Frugalibus
1335 3576 1403 3672 et
1447 3579 1646 3650 malua
1705 3579 2192 3673 asphodeloque
2233 3579 2345 3648 vi·
2451 3630 2456 3641 .

248 3684 587 3765 ventibus,
638 3680 777 3750 satis
802 3703 939 3754 erat
969 3684 1147 3753 vnde
1174 3679 1399 3773 parato
1441 3683 1634 3752 vitam
1667 3680 2058 3754 toletan-‚ent
2139 3683 2326 3752 Mer·
2373 3745 2380 3758 ,

248 3804 491 3856 oemras
521 3780 840 3857 instituisse
879 3785 1267 3878 plerosque,
1314 3785 1732 3857 Plutarchus
1715 3809 1782 3855 ιιι
1817 3787 2064 3856 Solone
2109 3784 2328 3860 docet.

252 3884 471 3980 Ipsum
512 3887 829 3958 Solonem
874 3906 939 3958 et
982 3887 1322 3959 Thaletem
1366 3908 1436 3958 et
1467 3889 1946 3982 Hippocratem
1992 3907 2060 3958 et
2115 3885 2330 3958 Plate-

248 4005 456 4064 ιιοιιι.
584 3987 749 4062 Non
792 4009 1010 4088 opum
1050 3989 1404 4163 auiditaltgk
1441 3986 1550 4060 sed
1593 4009 1666 4062 vt
1692 4010 1876 4062 tanto
1919 3986 2338 4158 commodius}
2373 4053 2381 4058 .
2418 4047 2441 4066 ι

578 4131 581 4136 .
1457 4117 1510 4181 4
2255 4112 2290 4160 a
2528 4151 2547 4158 ι
2605 4127 2610 4134 .

822 252 925 307 ιετ
981 240 1474 312 sanan-rma
1544 230 1922 309 εἰιΑιιοΑε.
2063 321 2066 330 ,
2257 260 2404 335 519
2511 316 2520 329 ,
