2826 4619
2462 0 2484 6 “
2621 0 2638 53 ἰ

2638 69 2642 137 ΙΙ

453 190 602 265 520
884 186 990 239 ιιιε
1043 186 1467 291 ιιιίιιίΊΙιιιιειτ
1514 162 2085 239 enim-rioms
2642 155 2654 405 S

457 354 540 425 ad
575 353 1114 457 peregrinandum
1145 350 1507 435 sufficerent
1534 348 1865 445 impensas.
1960 347 2253 421 Multum
2292 345 2595 419 horum
2651 411 2658 491 ι

457 458 748 546 inopiam
775 460 842 525 in
869 456 1206 527 itineribu's
1241 456 1651 525 subleuabant
1690 452 2117 545 hospitiorum
2164 452 2305 521 iura
2360 470 2443 521 et
2504 450 2603 519 li·
2655 497 2660 535 η

459 558 656 629 ἔκη’·
639 579 774 640 itas,
803 577 1037 651 vtpote
1061 540 1208 629 cum
1237 558 1711 649 Pythagommn
1740 555 2067 643 Polycrate
2090 554 2319 623 Samio
2350 556 2662 636 Ama-

457 657 580 729 fidi
607 662 1080 753 Aegyptiorum
1109 662 1246 751 regi
1277 658 1801 731 commendatum
1826 677 1895 725 et
1920 656 2275 729 Eudoxum
2306 658 2593 747 (quem

463 780 598 831 tam
642 760 1018 831 honorifico
1077 762 1346 831 decreto
1401 757 1823 831 Athenienses
1872 755 2205 850 suscepere
2262 754 2545 851 postea,
2548 752 2589 849 )

367 884 380 913 .-
465 865 825 933 Nefiianebi
855 864 934 936 ab
966 861 1304 955 Agesilao,
1327 882 1739 955 compertum
1768 858 2133 941 habeamus,
2158 882 2299 929 non
2328 858 2587 929 modo

469 966 552 1034 ad
581 966 798 1035 omnia
827 955 1147 1035 ibororum
1177 962 1645 1068 sapientiaeque
1660 962 1863 1049 adyta
1888 961 2211 1042 admistos,
2260 960 2375 1033 sed
2406 962 2591 1053 opi·
2680 969 2682 1003 ¹

467 1066 592 1137 bus
619 1089 889 1158 quoque
916 1087 983 1137 et
1007 1047 1364 1138 bonoribus
1392 1069 1606 1135 anaor
1632 1064 1863 1134 abiifl‘e.
2014 1066 2271 1159 Quanta
2323 1080 2591 1135 autem

465 1170 802 1244 anaoritas
831 1190 1066 1240 eorum
1093 1154 1310 1249 fuerit,
1362 1169 1473 1259 qui
1509 1167 1899 1260 peregrinati
1934 1166 2171 1247 ess’ent,
2198 1161 2361 1236 vel·
2340 1191 2401 1235 is
2432 1162 2589 1235 do-

293 1272 300 1281 '
373 1290 380 1297 ⁴
465 1274 648 1353 cuit,
689 1271 802 1363 qui
871 1271 1172 1345 Corinthi
1219 1267 1496 1358 exstitit,
1558 1288 1628 1341 et
1676 1290 1824 1339 cum
1870 1269 1987 1347 vix
2044 1267 2295 1339 exiisset
2358 1268 2585 1349 vrbe,

475 1372 862 1443 Cenchr-aeis
889 1394 976 1441 ne
1007 1375 1122 1443 vix
1149 1373 1443 1463 quidem,
1474 1370 1795 1443 historiam
1840 1390 2057 1440 tamen
2090 1368 2369 1439 Parthici
2398 1369 2589 1446 belli

475 1470 790 1555 scribens,
841 1472 904 1545 se
947 1474 1020 1545 iis
1067 1476 1156 1542 in
1199 1475 1356 1545 locis
1397 1472 1748 1557 versatum,
1816 1495 1951 1541 non
2002 1473 2221 1543 audita
2268 1468 2379 1540 sed
2424 1468 2581 1541 visa

471 1574 802 1669 prodere,
850 1575 930 1645 ad
993 1562 1627 1647 commendationem
1676 1575 1895 1665 operis
1954 1554 2587 1645 comminisceretur

471 1676 653 1769 apud
693 1668 1065 1748 Lucianum.
1119 1679 1328 1752 Fieri
1359 1682 1575 1749 autem
1620 1699 1753 1745 non
1792 1676 2047 1769 potuit,
2098 1678 2259 1771 quin
2300 1678 2387 1745 ita
2432 1697 2583 1743 no-

476 1778 695 1851 vitatis
719 1771 994 1861 curiofi,'
1019 1743 1310 1899 ‘gloriam
1339 1778 1384 1849 s
1387 1781 1519 1851 mul
1550 1798 1929 1874 appeterent
1954 1778 2405 1848 aemulationis
2436 1798 2585 1847 oo·-

477 1883 732 1953 mitem.
835 1882 900 1950 Si
932 1883 1106 1951 enim
1134 1882 1464 1973 gloriam
1446 1904 1513 1953 ιιι
1556 1880 1892 1975 praeclaris
1930 1880 2123 1955 rebus
2170 1876 2443 1973 politam
2490 1898 2583 1949 ec

323 2020 328 2027 ·
479 2004 636 2059 cum
665 1982 942 2065 veritatis
974 1980 1493 2075 constantiaeque
1518 1980 1726 2054 studio
1755 1978 2157 2053 coniunliiam
2200 1982 2579 2073 sequimur,

485 2084 700 2155 nescio
730 2105 808 2153 an
842 2084 956 2151 alia
985 2107 1058 2154 re
1085 2086 1284 2177 magis
1308 2086 1572 2154 excitari
1602 2086 1855 2176 ingenia
1886 2082 2148 2177 queant.
2246 2080 2353 2153 Est
2378 2085 2580 2155 enim

359 2283 370 2293 '
481 2183 782 2255 naturalis
813 2184 1040 2271 aliquis
1071 2186 1207 2251 veri
1237 2203 1304 2253 et
1330 2188 1486 2254 teeti
1528 2204 1598 2253 et
1640 2186 1803 2255 boni
1845 2183 2054 2255 sensus
2098 2189 2167 2254 in
2210 2186 2443 2271 nobis,
2485 2204 2577 2257 vt

487 2303 558 2356 et
583 2280 696 2378 ipli
675 2284 1078 2389 icupiditate
1101 2283 1266 2355 illiue
1297 2287 1607 2356 ducamur
1628 2304 1697 2356 et
1722 2286 1857 2356 aliis
1882 2287 2279 2371 hominibus,
2304 2306 2571 2382 quanto

485 2388 768 2480 quisque
799 2383 1030 2456 melior
1062 2406 1140 2457 et.
1151 2389 1465 2459 amantior
1488 2383 1808 2459 societatis
1846 2387 2181 2462 humanae
2192 2387 2316 2474 est,
2348 2408 2559 2487 tanto

487 2490 690 2582 magis
730 2487 983 2581 placere
1007 2486 1248 2582 gestiat.
1348 2491 1531 2563 Inde
1550 2511 1619 2564 et
1659 2491 1826 2562 inter
1853 2491 2159 2564 barbaros
2206 2442 2441 2573 neuile,
2476 2510 2559 2562 vt

487 2591 744 2660 virtutis
773 2588 1047 2662 studium
1079 2591 1332 2684 viguit,
1380 2613 1689 2685 quantum
1722 2594 2119 2666 imbecillitas
2158 2613 2225 2666 et
2254 2615 2439 2665 error
2476 2594 2560 2663 il-

489 2693 696 2764 larum
725 2695 1034 2765 mentium
1062 2716 1280 2764 veram
1310 2694 1563 2766 laudem
1590 2694 1801 2766 admis
1781 2717 1853 2768 t.
1951 2699 2062 2769 De
2075 2693 2569 2768 Athenienlibus

491 2791 800 2868 Isocrates
853 2791 922 2865 i‘n
977 2796 1429 2868 Panathenaica
1472 2798 1664 2868 multa
1708 2797 1990 2890 gloriose
2032 2796 2201 2891 gesta
2246 2797 2563 2890 prodidit,

495 2893 584 2968 de
616 2896 894 2987 quibus
875 2915 960 2966 ita
989 2896 1260 2978 iudicat,
1354 2897 1510 2966 nihil
1538 2920 1653 2969 eos
1678 2898 1891 2973 fecisse
1916 2901 2420 2972 commodorum
2460 2923 2565 2971 re-

495 2993 751 3096 speGu,
811 2993 920 3066 sed
961 3015 1032 3067 vt
1071 2997 1344 3090 gloriam
1394 3002 1673 3070 nominis
1710 3003 1956 3073 virtute
2001 3021 2323 3094 parerent.
2474 3004 2563 3074 Et

495 3078 971 3169 Demosthenes
1004 3097 1300 3170 aduersus
1331 3100 1813 3173 Andr-orionem
1847 3105 2168 3197 praedicat
2210 3101 2567 3174 Athenien-

498 3198 592 3270 ses
619 3201 862 3294 gloriae
891 3201 1128 3292 magis,
1145 3223 1369 3293 quam
1391 3203 1811 3274 cumulandae
1840 3207 2150 3298 pecuniae
2178 3225 2287 3276 aut
2324 3205 2430 3274 alii
2468 3209 2570 3277 rei

497 3299 834 3386 studuisse,
885 3323 959 3372 ac
987 3323 1134 3372 cum
1164 3325 1404 3396 opesi
1363 3301 1477 3374 libi
1504 3303 1815 3398 parassent
1845 3310 2044 3378 totius
2086 3307 2392 3380 Graeciae
2434 3329 2567 3378 ma-

497 3407 738 3486 ximas,
788 3401 1174 3476 consecrasse
1205 3423 1417 3476 tamen
1446 3427 1553 3475 eas
1583 3405 1855 3480 honoris
1888 3409 2136 3497 stadie,
2182 3429 2387 3501 opum
2432 3406 2572 3482 sua·

501 3527 647 3576 rum
681 3505 1013 3598 impendio
1042 3506 1469 3580 immortalem
1498 3529 1713 3579 rerum
1754 3509 2069 3604 gestarum
2117 3503 2364 3606 poffess‘
2368 3530 2573 3584 onem

501 3629 846 3680 mercatos.
946 3607 1148 3701 Quid‘
1177 3611 1386 3680 dicam
1426 3607 1967 3697 Themistoclem,
2018 3633 2217 3706 quem
2260 3612 2575 3684 Miltiadis

461 3730 920 3780 ·monumenta
949 3711 1238 3781 dormire
1267 3733 1406 3782 non
1452 3709 1594 3782 sunt
1620 3711 1832 3805 palia?
1880 3714 2041 3808 quid
2084 3713 2575 3802 Thucydidem,

507 3811 621 3902 qui
651 3833 797 3881 eum
845 3833 1006 3904 puer
1019 3806 1465 3884 Herodotum
1508 3815 1757 3886 audiret
1798 3815 2087 3888 historias
2128 3813 2261 3888 suaa
2302 3817 2579 3890 recitan-

507 3929 641 3986 tem
695 3911 1010 4010 plorant,
1091 3915 1276 4010 quod
1336 3913 1449 3988 fibi
1478 3939 1885 4014 praeceptam
1946 3912 2225 4016 gloriam
2280 3917 2581 4094 doleret}

2414 4043 2533 4124 qil!
