2826 4619
545 279 688 356 132
786 232 798 246 ⁸
1125 333 1128 341 ,
1229 249 1364 329 ὀε
1420 237 1881 332 crunnus}

547 447 854 541 Sabinum
906 461 972 517 et
1017 461 1166 514 ante
1213 399 1631 538 hos'inqusm
1686 446 2002 516 ducentos
2056 469 2281 548 annos'
2314 449 2591 542 aliquem

545 549 866 643 producat
895 550 1236 630 annuerem,
1263 549 1368 617 cui
1397 541 1638 617 Boruffi
1666 551 1989 638 dicantur,
2040 551 2218 618 illum
2254 575 2383 646 ego
2426 575 2586 624 vero
2654 595 2703 614 -

547 653 774 721 lubens
813 651 1307 722 remunerabor:
1389 673 1509 720 nec
1553 653 1763 720 verius
1802 647 1889 718 est
1935 644 2323 743 quidquam,
2394 678 2591 746 quarn

453 783 474 792 ”
545 751 734 846 quod
759 751 1118 822 Matthaeus
1151 753 1505 825 Praetorius
1534 754 1737 833 vidit,
1787 753 1959 822 vnde
1988 758 2243 822 Pruteni
2297 753 2359 822 se
2398 781 2589 826 voca·

501 857 757 926 -verint
781 853 1078 947 populari
1124 853 1378 943 lingua,
1428 876 1595 945 quae
1634 853 1935 924 sententia
1984 857 2255 946 antiquis
2302 856 2589 928 historia·

543 981 690 1029 rum
715 956 1150 1026 monumentis
1178 953 1619 1025 confirmatur.
1718 956 1847 1025 Sed
1875 957 2003 1028 hoc
2030 979 2165 1026 uon
2208 979 2373 1048 ago:
2426 959 2587 1029 illud
2684 979 2703 986 ·

545 1079 792 1130 tantum
822 1059 888 1124 in
917 1057 1226 1147 exemplo
1257 1049 1501 1126 docere
1534 1057 1710 1124 volui
1730 1109 1748 1133 ‚
1798 1081 1989 1150 quam
2034 1058 2355 1132 infirmum
2388 1081 2589 1130 omne

549 1163 707 1230 illud
726 1160 809 1226 de
841 1159 1176 1226 nominum
1199 1160 1622 1254 congruentia
1653 1179 2097 1249 argumentum
2126 1159 2221 1230 fir.
2322 1163 2407 1230 At
2436 1183 2587 1230 cum

545 1261 729 1336 Dido
759 1259 984 1350 aliquis
1007 1249 1529 1347 anitanicarum
1574 1281 1785 1326 rerum
1810 1263 2102 1353 ·scriptor
2156 1258 2223 1355 ⁶)
2284 1264 2507 1332 Dauos
2546 1287 2585 1334 a

421 1431 430 1440 ,
545 1362 818 1440 Danais,
871 1381 1016 1428 cum
1053 1361 1220 1428 aliia
1265 1360 1457 1428 Dacis
1491 1379 1557 1427 et
1606 1360 1805 1430 Dahis
1858 1365 2184 1446 deriuant,
2250 1386 2397 1433 cum·
2438 1365 2585 1437 Elu-

551 1465 739 1534 ardus
771 1463 1011 1533 Suecos
1063 1483 1094 1528 a
1145 1463 1405 1541 Sueuis,
1460 1483 1605 1530 cum
1653 1463 1753 1528 alii
1804 1466 2089 1534 Saxones
2134 1489 2167 1532 a
2204 1468 2421 1548 Sacis‚'
2459 1466 2593 1538 hoc

549 1562 678 1642 est4
725 1561 770 1630 fi
801 1563 920 1632 diis
954 1563 1196 1655 placet,
1239 1585 1270 1630 a
1295 1561 1545 1650 Scythis
1568 1562 1891 1646 der-luant,
1947 1588 2019 1634 ea
2070 1555 2393 1636 mehercle
2430 1569 2591 1660 vigi-

543 1665 808 1736 lantium
839 1663 1080 1733 somnia
1111 1664 1283 1749 sunt,
1329 1687 1413 1734 ne
1443 1663 1606 1758 quid
1648 1665 1859 1734 dicam·
1894 1668 2169 1757 grauius.
2320 1669 2591 1740 Talibus

545 1764 834 1838 delefflti
863 1764 1004 1838 fiant
1045 1765 1384 1860 scriptores
1424 1763 1969 1857 septemtrionales
2008 1791 2076 1837 et
2116 1772 2496 1842 Auentinus
2520 1790 2591 1841 et

541 1869 652 1940 ille
677 1892 812 1939 non
843 1864 1177 1952 indodus,
1227 1888 1300 1938 vt
1343 1887 1500 1938 tunc
1543 1889 1714 1949 erat,
1770 1867 2119 1940 fabularum
2170 1895 2396 1965 parens
2444 1877 2585 1942 An·

541 1973 683 2044 ni‘us
729 1969 1162 2044 Vite'rbienfis.
1217 1991 1236 2012 ³
1315 1971 1475 2040 Satis
1510 1993 1645 2040 erat
1684 1971 1889 2063 aliqua
1940 1975 2277 2043 nominum
2342 1968 2585 2058 allusio,

535 2097 610 2144 vt
639 2095 842 2142 nouas
881 2075 1240 2142 conderent
1255 2071 1591 2162 bistorgas,
1630 2093 1829 2161 vtque
1862 2077 2211 2164 probarent
2242 2075 2415 2168 plebi
2447 2099 2587 2148 eru·

540 2177 853 2244 dirorum.
1007 2171 1186 2264 Quid
1218 2191 1431 2240 autem
1462 2192 1704 2240 tantum
1736 2173 1827 2240 est
1866 2173 1931 2240 in
1976 2177 2477 2247 Cimmerion-um
2520 2199 2589 2250 et

547 2274 964 2345 Cimbrorum
993 2273 1290 2354 nomine,
1332 2289 1403 2344 vt
1448 2293 1679 2353 eorum
1714 2295 1831 2341 nos
1877 2272 2139 2366 stirpem
2184 2281 2585 2370 populorum

545 2373 808 2447 miscere
841 2378 1186 2466 oporteat?
1239 2375 1623 2444 Cimmerios
1656 2398 1689 2441 a
1733 2376 2089 2446 Gomeritis
2130 2380 2337 2446 diaes
2384 2380 2587 2463 sume,

549 2462 906 2551 admodum
935 2476 1272 2567 probabile
1301 2475 1427 2556 est-,
1479 2495 1585 2545 aut
1604 2476 1797 2569 plane
1832 2498 2083 2569 paratus
2114 2478 2247 2551 sum
2276 2483 2589 2565 deierare,

547 2581 726 2651 vnde
749 2580 894 2649 diui
929 2576 1080 2661 sint,
1133 2600 1266 2649 non
1307 2580 1573 2669 liquere.
1676 2582 1765 2646 At
1799 2582 2099 2661 Romani,
2136 2582 2473 2653 Plutarcho
2518 2604 2589 2655 et

549 2686 618 2759 S.
660 2682 983 2775 Pompeio
1007 2678 1190 2775 festo
1235 2682 1632 2761 aucloribus,
1699 2682 2112 2751 Cimbrorum
2152 2706 2393 2755 nomen
2422 2686 2587 2763 ,Cel-

543 2788 744 2855 ticum
795 2784 921 2855 effe
965 2802 1032 2851 et
1077 2782 1400 2852 latronem
1450 2779 1799 2871 significare
1860 2806 2341 2878 compererunt.
2511 2788 2585 2858 l'd

545 2886 842 2957 vocabuli
885 2884 1098 2955 adhuc
1145 2885 1384 2955 habent
1426 2881 1677 2974 linguae
1720 2885 2017 2965 Celticae.
2126 2930 2141 2981 1
2210 2888 2585 2961 lslandicam
2660 2952 2667 2957 .

543 2990 695 3059 dico
712 3040 732 3069 ‚
789 2988 1222 3079 Noruegicam
1241 3008 1278 3067 ‚·
1303 2986 1641 3055 Suedicam
1657 3036 1675 3065 ‚
1728 2988 2059 3067 Danicam,
2084 2991 2583 3061 ,Germanicam

547 3092 620 3159 ln
673 3085 1128 3173 monosyllabis
1169 3088 1485 3157 lslandicis
1544 3090 1743 3157 lonae
1810 3094 2168 3181 Rugmanni
2230 3094 2441 3190 Kamp
2498 3092 2587 3163 est

537 3188 744 3273 lulla,
791 3182 1116 3283 palaestra,
1166 3190 1356 3279 plane
1381 3210 1452 3257 vt
1494 3192 1661 3281 apud
1700 3213 1818 3261 nos
1854 3194 2235 3262 Germanos.
2336 3198 2587 3265 Snorro

539 3294 856 3363 Sturlaeus
893 3314 1074 3383 parte
1114 3290 1384 3362 secunda
1436 3292 1653 3361 Eddae
1690 3291 1919 3362 h'eroas
1951 3296 2125 3377 dicit,
2156 3296 2255 3364 vel
2292 3298 2578 3394 Kappar,

544 3396 650 3465 vel
725 3396 1076 3489 Kiempur,
1167 3394 1272 3462 vel
1345 3396 1635 3491 ,Garpar
1720 3394 1937 3480 fuisse,
2032 3398 2216 3487 quod
2278 3398 2583 3469 Resenius

443 3532 450 3539 ·
541 3499 790 3568 Danice
833 3496 1113 3588 protulit
1165 3494 1493 3581 Herrcrs,
1592 3498 1964 3593 Kicmperr,
2058 3498 2381 3570 Frueris„
2504 3504 2579 3571 ln

537 3601 792 3671 Celticis
811 3598 1180 3669 -Leibnitiiz
1236 3602 1515 3696 Campau
1534 3648 1555 3680 ,
1604 3596 1749 3667 ludi
1765 3648 1785 3681 ,
1828 3598 2051 3695 quales
2094 3598 2475 3701 Olympiaci.

769 3805 951 3873 quat
983 3824 1088 3871 me
1129 3824 1322 3885 nunc,
1369 3804 1675 3893 quoniam
1714 3803 1779 3868 in
1814 3798 1979 3873 hano
2016 3805 2575 3875 concertationem

537 3904 774 3989 incidi,
824 3904 1018 3999 ipsam
1073 3907 1392 3997 originem
1442 3908 1557 3986 τῆς
1610 3898 2023 3997 πολυτρόπου
2080 3934 2171 3997 χρη
2216 3902 2579 3988 ‘st-omacio&

1986 4036 1991 4044 ·
2176 4074 2189 4081 ,
2308 4015 2579 4099 <pavr-ot·

597 4128 670 4209 6)
711 4130 892 4213 Apud
923 4132 1216 4197 Saxonem
1253 4114 1717 4195 Grammaticum
1772 4134 1919 4216 f.·5.'

1872 4242 1897 4271 l
