2826 4619
511 219 678 329 '336
903 216 1125 305 nsi-i
1191 253 1549 333 aeaut-‚1
1601 250 2171 306 ,atvs-rant.

518 434 914 491 conuentum
945 416 1352 489 Achaeorum
1384 412 1687 485 Corinthi
1717 408 1985 497 indixit,
2006 414 2139 483 ovbi
2164 412 2421 501 ,bellum
2448 416 2583 491 effe

519 520 882 613 gerendum
925 542 1074 593 cum
1123 519 1435 589 Romanis
1480 518 1812 589 decretum
1854 512 1969 601 est.
2112 520 2203 611 Q.
2266 520 2585 591 Caecilius

517 622 858 708 Metellus,
908 644 1034 714 pro
1069 642 1370 714 praetore
1397 622 1451 689 is
1479 615 1933 689 Macedoniam
1960 621 2259 701 tenebat,
2304 644 2583 715 accepto

519 728 802 807 nuncio,
849 724 922 795 L.
953 724 1286 793 Mummio
1309 722 1467 793 Cos.
1512 718 1755 791 bellum
1784 717 2151 807 mandatum
2194 722 2583 807 Achaicum,

502 824 964 916 multandum
1017 827 1236 905 duxit,
1299 844 1373 893 vt
1424 824 1577 893 belli
1632 792 1910 893 Achaici
1969 821 2247 893 confecii
2306 828 2585 917 gloriam

515 928 940 1023 praeciperet.
1052 928 1376 997 'Primum
1424 947 1543 1017 per
1586 924 1858 995 nuncios
1907 922 2179 995 Achaeis
2216 928 2452 1011 edixit,
2504 948 2585 998 vt

517 1031 838 1145 quosdam
861 1028 1018 1097 alios
1049 1027 1374 1145 populos,
1425 1026 1537 1121 qui
1572 1023 1634 1097 se
1662 1047 1697 1093 a
1730 1024 2011 1095 concilio
2043 1028 2331 1099 Achaico
2374 1028 2583 1104 seiun-

518 1150 786 1219 xerunt,
799 1128 974 1200 sui·
955 1133 1108 1201 iuris
1139 1128 1266 1201 effe
1297 1148 1705 1221 paterentur,
1744 1124 1826 1196 lic
1874 1129 2359 1199 commissorum
2398 1134 2583 1201 veui·

515 1258 622 1305 am
653 1230 1112 1305 consecuturos
1141 1250 1210 1303 et
1237 1252 1469 1322 aequas
1496 1231 1667 1321 pacis
1712 1227 2144 1299 conditiones.
2210 1236 2275 1322 8)
2330 1237 2583 1327 lutei-4

444 1335 454 1350 '
517 1338 825 1407 Metellus
875 1337 1094 1426 copias
1143 1333 1433 1405 deducit
1454 1356 1493 1401 e
1538 1332 1965 1413 Macedonia,
2040 1333 2361 1405 Critolaus
2416 1358 2579 1405 vero

515 1441 688 1532 pacis
717 1439 1050 1507 mentione
1081 1437 1408 1529 repudiata
1460 1418 1835 1502 Heracleam
1882 1431 2155 1507 obfidet.
2306 1440 2581 1507 Aduen-

521 1559 700 1611 tante
743 1540 868 1607 iam
913 1561 1000 1609 ex
1055 1536 1443 1609 Macedonia
1498 1534 1813 1619 Metello,
1888 1513 2251 1629 Sca'rphean
2308 1542 2580 1609 recedit.

515 1640 712 1736 Ipso
695 1664 762 1711 in
793 1641 1024 1711 itinere
1050 1638 1358 1711 Metellus
1387 1635 1599 1707 hostes
1644 1636 1949 1705 assecutus
1993 1638 2250 1710 cecidit.
2362 1642 2581 1711 Crito·
2583 1641 2593 1651 “

519 1745 652 1815 laus
695 1764 1010 1837 nusquam
1051 1764 1268 1834 neque
1311 1742 1479 1811 inter
1522 1740 1746 1824 vinos,
1796 1758 2010 1829 neque
2052 1742 2222 1811 inter
2278 1762 2581 1814 mortuos

363 1839 370 1847 ’
503 1864 812 1940 εερεῐως
841 1843 948 1917 est.
1047 1844 1267 1915 Liuius
1309 1846 1372 1928 9)
1413 1862 1674 1911 veneno
1720 1792 1831 1909 libi
1884 1861 2167 1912 mortem
2203 1842 2581 1916 consciuifl'e

497 1950 836 2045 prodidit.
987 1951 1082 2019 At
1133 1942 1515 2017 Pausanias
1496 1966 1561 2012 in
1612 1942 1849 2037 palude
1896 1946 1976 2012 ad
2020 1947 2231 2015 Oetan
2276 1962 2580 2031 montem

419 2067 429 2077 ‘
520 2050 700 2123 forte
747 2046 1108 2121 demersum
1147 2068 1328 2140 putat
1369 2066 1441 2115 et
1482 2046 1760 2114 incertus
1804 2045 2038 2129 animi,
2096 2048 2297 2117 multa
2343 2046 2459 2119 alia
2504 2052 2577 2119 iu

517 2140 972 2227 commodum
1001 2148 1064 2219 se
1089 2148 1375 2239 suspicari
1399 2146 1595 2238 poss‘e.
1610 2144 1921 2227 ostendit,
1971 2168 2077 2229 vt,
2124 2151 2311 2241 quod
2342 2144 2583 2223 veriffi·
2667 2174 2677 2187 ‘
2800 2219 2802 2227 ,

515 2276 700 2328 mum
735 2250 846 2334 fit,
891 2272 1028 2320 non
1061 2250 1376 2339 adpareat.
1482 2248 1675 2318 Hanc
1702 2248 1949 2318 cladem
1980 2250 2084 2320 alii
2106 2270 2117 2289 ⁸
2136 2252 2217 2323 ad
2264 2254 2579 2326 Heracle·

523 2379 667 2437 am,
731 2355 838 2424 alli
907 2353 990 2422 ad
1055 2345 1458 2446 Scarphean,
1524 2351 1743 2419 Liuius
1803 2353 1885 2417 ad
1945 2351 2427 2448 Thermopylae
2477 2377 2583 2426 ac·

517 2475 778 2553 ceptam
852 2451 1092 2526 ferunt.
1239 2451 1497 2524 Scilicet
1568 2455 1735 2523 inter
1808 2453 2191 2528 Heracleam
2264 2477 2333 2528 et
2399 2459 2579 2528 Scar-

517 2561 738 2659 phean
833 2553 1328 2650 Thermopylae
1438 2555 1801 2625 interieaae
1892 2553 2086 2643 sunt,
2192 2583 2351 2652 quas
2445 2561 2577 2630 iam

518 2666 886 2742 traiecerat,
917 2658 1092 2732 teste
1131 2653 1457 2776 Pausania,
1506 2658 1859 2741 Critolaus,
1906 2679 2081 2731 cum
2098 2683 2247 2732 eum
2288 2663 2577 2733 Romani

517 2764 848 2840 consecuti
869 2761 1102 2844 essent,
1145 2781 1217 2831 vt
1257 2731 1469 2831 clades
1502 2759 1635 2828 illa·
1652 2759 1733 2828 ab
1772 2763 1975 2831 tribus
2012 2763 2173 2833 locis
2212 2765 2577 2836 commode

367 2941 372 2946 ,
513 2867 800 2962 insigniri
838 2885 1052 2958 queat.
1149 2860 1567 2934 Refellendus
1593 2859 1751 2930 mihi
1782 2885 2051 2956 quoque
2081 2887 2215 2936 vno
2242 2868 2453 2936 verbo
2482 2865 2579 2937 est

511 2971 690 3042 Flori
717 2989 936 3050 error,
980 2977 1003 3016 ¹
1011 2965 1080 3055 o)
1113 2967 1300 3058 quii
1259 2962 1343 3033 fic
1365 2962 1528 3033 fatus
1556 2961 1681 3036 est.
1737 2966 2009 3036 Critolai
2034 2991 2299 3038 manum
2330 2967 2579 3038 Metel-

513 3073 624 3142 lus
655 3073 800 3141 cos.
833 3085 952 3164 per
977 3081 1277 3165 patentes
1301 3063 1511 3134 Elidis
1532 3065 1785 3162 ca'mpos
1820 3085 1965 3138 toto
2012 3071 2250 3141 cecidit
2292 3069 2571 3170 Alpbaeo

511 3190 584 3244 ae
614 3191 746 3241 vno
769 3169 1020 3269 praelio
1045 3164 1371 3265 peracffum
1399 3183 1549 3236 erat
1568 3157 1819 3267 bellum.
1914 3171 2111 3242 Nihil
2102 3193 2391 3265 usquam
2418 3174 2571 3246 sani.

508 3277 754 3368 Neque
803 3273 978 3341 enim
1021 3273 1086 3368 in
1131 3269 1348 3352 Elide,
1413 3269 1521 3340 sed
1565 3271 1765 3363 longe
1818 3293 1999 3344 eXtra
2048 3271 2571 3368 Peloponnesum

503 3397 729 3474 prope
759 3371 1216 3444 Macedoniam
1246 3392 1602 3466 pugnatum
1648 3371 1767 3444 est.
1816 3397 2029 3468 neque
2055 3399 2189 3446 viro
2218 3377 2571 3448 certamine

509 3480 882 3556 confecium
923 3473 1202 3545 bellum:
1263 3497 1479 3568 neque
1514 3477 1603 3570 Q.
1648 3476 1958 3548 Caecilius
2006 3481 2156 3550 Cos.
2224 3476 2386 3564 fuit,
2450 3477 2565 3550 sed

509 3605 646 3678 pro
669 3590 972 3676 praetore
992 3578 1447 3667 Macedoniam
1482 3579 1829 3652 ordinauit.
1927 3579 2073 3652 Fuit
2100 3581 2277 3653 euim
2306 3599 2573 3674 praetor

507 3683 938 3758 Macedoniae
973 3685 1062 3752 A.
1095 3682 1181 3749 V.
1213 3681 1292 3750 Ο.
1336 3687 1492 3752 606.
1524 3682 1809 3774 vicitque
1857 3679 2241 3756 Andriscum
2284 3683 2571 3754 Pseudo·

505 3788 898 3881 philippum.
997 3775 1003 3782 ’
1047 3779 1240 3852 lulius
1269 3782 1657 3876 obsequens
1680 3785 1747 3853 in
1792 3787 2151 3878 prodigiis,
2200 3789 2310 3881 Sp.
2344 3783 2572 3860 Postu·
2626 3821 2639 3834 ·

503 3891 682 3977 mio,
727 3889 804 3958 L.
851 3883 1072 3956 Pisone
1140 3883 1314 3957 corr.
1359 3887 1881 3980 olympionicen
1918 3887 2243 3985 synagoge
2296 3888 2378 3958 ad
2432 3887 2564 3980 pri·

2374 4007 2561 4062 mum

456 4137 470 4148 ·
587 4051 670 4197 Sl
695 4069 1000 4178 ¹³²⁰&ss
1021 4131 1084 4201 Ρ·
1103 4120 1246 4202 55⁸..
1405 4065 1481 4196 ’9)
1522 4113 1677 4198 Epit-
1704 4135 1835 4201 52·-
1962 4059 2067 4220 ιφ.)
2104 4119 2155 4185 1.
2176 4116 2259 4181 11.
2286 4137 2361 4181 e.
2366 4119 2455 4186 ι6
