2826 4619
722 289 947 345 nasu
1031 288 1361 344 Acnarct
1417 285 1949 348 ιιινςτιιᾼτιζ
2202 287 2348 369 333

2083 375 2098 403 ,
2441 385 2447 389 .

134 499 140 510 ·
270 425 702 566 impetrauit,
746 476 817 530 vt
844 456 1195 529 Chalciden
1212 455 1541 550 praesidio
1590 455 1703 528 suo
1751 475 2125 530 tutarentur.
2227 461 2358 532 Le·-
2397 448 2400 459 '

302 566 569 659 gatione
604 585 675 631 ea
729 565 816 658 Q.
854 562 1139 631 Marcius
1182 557 1519 629 desanaus
1560 557 1650 630 est
1692 555 1870 628 κατ-οὲ
1893 565 2225 658 χειμῶνα,
2279 571 2357 632 vt

300 669 389 736 ait
416 665 752 753 Polybius,
786 659 871 758 ὖ)
905 661 1091 754 quod
1123 663 1337 731 Liuius
1373 663 1689 756 explicat,
1740 663 1814 749 7)
1857 667 2180 758 princlpio
2219 660 2354 732 hie·

301 772 449 838 mis.
553 767 630 834 Et
661 765 765 836 hic
796 767 1063 856 quidem
1090 763 1477 854 legationem
1523 758 1808 848 recenset
1853 767 1922 832 P.
1959 765 2228 845 Licinio,
2272 767 2356 836 C.

305 863 513 938 Caffio
548 863 876 938 Coss-‘sed
918 865 1183 956 adparet
1226 865 1458 956 plane,
1495 887 1644 934 ante
1665 885 1789 933 eos
1825 863 1996 936 Coff.
2041 861 2360 957 superiori

266 965 527 1040 ..aestate
568 972 659 1066 Q.
698 969 1010 1037 Marcium
1048 963 1229 1036 fuisse
1255 969 1321 1038 in
1350 967 1639 1036 Graecia.
1789 967 1962 1038 Nam
1991 969 2370 1038 renunciata-

250 1082 255 1091 '
302 1072 629 1164 legatione
656 1071 977 1162 principio
998 1069 1165 1137 veris
1192 1073 1263 1139 P.
1294 1067 1576 1158 Licinius
1593 1069 1748 1139 Cos.
1765 1067 1832 1136 in
1849 1069 2185 1138 Graeciam
2206 1089 2364 1142 cum

303 1175 602 1246 exercitu·
631 1170 959 1266 profestos
1000 1167 1109 1238 cst.

538 1327 655 1398 1112
708 1327 946 1394 lterum
996 1341 1256 1414 praetor
1296 1320 1420 1392 fuit
1461 1321 1728 1393 Archon
1773 1327 1857 1393 A.
1905 1321 2196 1418 Achaico
2247 1345 2357 1400 ιη.

304 1429 475 1498 Nam
510 1427 823 1514 Polybius
839 1426 1067 1504 tradit,
1110 1422 1169 1521 ⁸)
1216 1430 1299 1496 A.
1331 1423 1676 1495 Hostilium
1713 1431 1978 1500 Procos.
2013 1447 2100 1496 ex
2130 1427 2360 1498 'hiber-

304 1529 405 1598 nis
438 1529 502 1596 in
530 1527 837 1598 Thessalia
866 1527 1111 1618 legatos
1141 1523 1361 1598 mifisse
1393 1531 1634 1598 circum
1664 1528 1969 1600 ciuitates,
2017 1528 2134 1617 qui
2166 1528 2363 1620 etiam

300 1630 385 1702 ad
415 1629 707 1700 Achaeos
732 1626 1172 1720 peruenerint.
1276 1631 1564 1717 Datum
1549 1629 1620 1697 iis
1651 1625 1740 1698 est
1768 1629 2118 1700 concilium
2147 1615 2362 1724 Aegii.

303 1713 409 1802 Ab
437 1753 522 1802 eo
552 1729 874 1825 nrofeffi
858 1755 923 1800 in
955 1729 1279 1798 Aetoliam
1324 1751 1391 1799 et
1433 1731 1873 1800 Acarnaniam.
2023 1731 2202 1800 Dum
2251 1732 2362 1802 bic

304 1854 826 1914 commorantur,
909 1829 1154 1898 Achaei
1210 1831 1375 1900 inter
1419 1827 1479 1900 se
1521 1829 1913 1909 consultant,
1990 1829 2149 1932 quid
2193 1829 2362 1904 faao

304 1957 548 2025 opust
506 1933 604 2004 fit.
702 1933 1061 2002 Decretum
1108 1927 1235 2014 est,
1290 1951 1361 2000 vt
1406 1930 1582 1999 illico
1612 1951 1968 2035 praeturam
1997 1925 2200 2001 adiret
2239 1939 2364 2006 Ar-

307 2037 523 2118 c,hon
572 2033 1015 2104 attollentibus
1041 2033 1291 2100 animos
1318 2029 1618 2115 Achaeis,
1684 2020 1867 2123 quod
1913 2027 2227 2102 Hostilius
2267 2031 2362 2106 su·
2416 2021 2430 2029 ⁸
2499 2017 2506 2024 ’

308 2137 555 2232 periori
583 2118 807 2204 aestate
839 2155 973 2202 rem
1006 2131 1170 2202 male
1198 2128 1488 2224 gesserat.
1585 2136 1672 2203 Ea
1695 2131 1894 2204 caussa
1911 2137 2158 2204 Romae
2189 2155 2367 2228 quo·
2485 2185 2494 2202 .

307 2260 448 2342 que
472 2255 778 2306 maturata
814 2234 955 2306 sunt
985 2237 1245 2304 comitia
1274 2236 1560 2306 creandis
1611 2233 1996 2307 consulibus.
2151 2238 2368 2311 Creati
2469 2271 2475 2282 ·

304 2331 448 2414 sunt
480 2344 567 2437 Q.
600 2340 883 2410 Marcius
916 2337 1249 2429 Philippus
1280 2345 1355 2411 11.
1389 2342 1473 2433 Q.
1501 2339 1798 2409 Seruilius
1829 2337 2075 2429 Caepio
2107 2346 2170 2421 9)
2217 2362 2367 2414 ante

308 2444 480 2515 diem
530 2446 612 2515 V.
662 2440 797 2512 Kal.
838 2442 1242 2524 Februarias,
1324 2462 1397 2510 vt
1435 2440 1690 2533 Pighius
1731 2438 2010 2513 Liuium
2073 2438 2364 2516 restituit.

304 2544 600 2617 Archoni
646 2544 967 2635 praetori,
1014 2542 1126 2631 qui
1172 2560 1247 2608 vt
1284 2540 1489 2609 casum
1541 2564 1574 2609 a
1617 2564 1687 2608 rc
1725 2542 1978 2631 publica
2023 2563 2366 2626 auerteret,

306 2647 618 2719 Romanis
660 2644 886 2726 auxilia
924 2638 1232 2709 mittenda
1262 2640 1384 2709 effe
1410 2638 1701 2727 suaserat,
1753 2635 1932 2710 datus
1956 2639 2044 2711 est
2071 2642 2364 2740 magister

306 2734 603 2849 equitum
646 2742 979 2830 Polybius,
1058 2736 1213 2835 ¹0)
1194 2767 1247 2812 rs
1306 2735 1484 2811 cuius
1542 2739 1826 2811 historias
1870 2744 2026 2811 tanti
2072 2734 2363 2817 facimus.
2377 2764 2382 2771 ·

308 2836 711 2918 Archonem
729 2864 1085 2938 praeturam
1126 2845 1371 2941 magnis
1412 2841 1711 2947 impensis
1777 2840 1892 2913 fibi
1949 2844 2364 2941 comparasse,

301 2939 609 3039 Polybius
633 2966 904 3041 quoque
930 2946 1144 3017 tradit.

534 3104 649 3177 IV.
702 3102 977 3193 Magnae
998 3118 1136 3171 tum
1168 3099 1237 3169 in
1266 3098 1552 3171 Achaico
1585 3100 1840 3194 populo
1865 3121 2047 3174 erant
2085 3105 2362 3176 auCiori-

306 3206 486 3287 tatis,
540 3202 885 3273 Arcesilaus
907 3256 926 3277 .
984 3200 1237 3274 Ariston
1270 3204 1878 3296 Megalopolitanus,
1920 3207 2178 3276 Stratius
2207 3208 2365 3279 Tri-

308 3303 604 3388 taeenfis,
648 3308 887 3377 'Xenon
921 3302 1293 3403 Parmensis,
1340 3306 1775 3398 Apollonides
1815 3308 2152 3395 Sicyonius
2197 3309 2364 3380 eius·

308 3410 462 3479 dem
497 3430 644 3479 curn
678 3407 993 3478 Archone
1024 3404 1367 3479 sententiae
1395 3428 1471 3477 et.
1492 3410 1746 3479 Strat'on
1773 3408 2023 3497 alterins
2067 3408 2362 3480 fafflonis

309 3532 439 3607 pro
469 3510 735 3593 Perseo,
788 3512 1097 3597 Lycortas
1124 3528 1490 3581 neutrarum
1535 3512 1830 3601 partium.
1947 3510 2140 3580 Erant
2182 3534 2364 3604 prae·

306 3632 481 3685 terea
550 3615 740 3683 etiam
813 3611 1245 3703 Diophanes,
1268 3644 1284 3651 -
1332 3613 1884 3701 Hyperbatonus,
1971 3612 2359 3697 Callicrates,

304 3715 769 3802 Theodorides
804 3714 1177 3802 Sicyonius,
1244 3713 1694 3802 Andronidas,
1759 3708 2050 3806 Agefias,
2116 3710 2362 3785 Aristo-

309 3818 571 3907 damus,
615 3814 986 3911 Philippus,
1035 3813 1363 3906 Lyciscus,
1410 3792 1692 3903 Eureas,
1738 3816 2112 3910 Charopus,
2161 3817 2360 3887 Tele-

2227 3918 2357 3993 clcs
2505 3998 2510 4005 ,

386 4085 544 4169 6)p
544 4090 749 4156 ..1223
916 4084 989 4163 7)
1031 4082 1074 4143 1.
1097 4082 1275 4145 xm.
1313 4102 1367 4147 c.
1394 4098 1503 4169 44.
1701 4078 1791 4156 8)
1747 4078 2094 4233 Polybius
2125 4102 2184 4167 p.
2208 4104 2362 4169 ¹24¹·

468 4173 541 4253 9)
577 4166 858 4233 uuiusl.
884 4166 1093 4234 xuu.
1134 4165 1550 4251 ott-10)
1593 4162 1880 4253 Polybius
1889 4186 1984 4251 ..p
2013 4186 2189 4259 ¹244
