2826 4619
465 208 610 292 153
791 187 1400 279 cunbuotoom
1455 212 1839 267 scra-mea
1888 205 2159 270 νει-νς.

459 383 722 474 Mediae
755 401 826 450 et
855 379 1094 470 Lydiae
1123 397 1190 448 et
1225 375 1511 470 Aegypti
1544 398 1631 448 ex
1658 376 2011 450 Herodoto
2039 377 2493 474 explicandam

407 527 416 538 ·
460 487 585 557 esse
617 483 836 554 video.
987 483 1166 551 Licet
1204 482 1376 568 enim
1418 479 1725 550 hocloco
1762 480 2061 588 Iosephus
2090 469 2367 575 'Scaliger
2410 486 2489 554 ab

459 585 818 660 Herodoto
847 607 1051 678 paene
1085 583 1388 652 conuitiis
1413 603 1479 652 et
1502 583 1993 654 denunciatione
2035 583 2237 654 scaeui
2274 586 2488 654 omnis

349 741 380 756 .,
461 714 586 760 nos
657 679 993 757 absterreat
1021 737 1041 766 ,
1136 690 1198 776 5)
1261 681 1550 752 Diodori
1608 705 1819 754 autem
1886 677 2111 756 Siculi'
2144 683 2494 766 βασιλικοῖς

396 805 409 812 ’
461 785 790 883 ὃιφθὲξκὲ
847 789 1166 868 venditet,
1215 805 1429 854 tamen
1482 787 1865 856 obduramus
1908 809 1975 858 et
2021 787 2200 870 cei-to
2249 790 2493 860 iudicio

459 897 883 964 Herodorum
911 891 1052 958 viae
1085 889 1315 957 ducem
1345 887 1685 979 sequimur.
1788 890 1969 958 Illum
2012 893 2183 960 enim
2232 891 2493 959 Diodo·
2528 917 2535 927 ’

461 1017 604 1068 rum
643 995 920 1084 Scaliger
947 987 1078 1083 ipse
1112 1013 1256 1058 cum
1286 987 1406 1064 istis
1442 991 1798 1080 diphtberis
1826 993 2013 1084 regiis
2052 991 2175 1062 alio
2223 993 2287 1062 in
2334 993 2490 1066 loco

443 1099 721 1198 plorare
751 1089 949 1175 iussit,
1005 1091 1076 1186 ⁶)
1105 1091 1210 1160 hic
1255 1115 1366 1161 cur
1395 1093 1569 1178 adeo·
1592 1091 1853 1164 insanire
1900 1115 2119 1188 putet,
2166 1090 2277 1184 qui
2328 1095 2492 1164 Dio·

450 1203 701 1294 *dorum
738 1194 1074 1290 spernunt,
1128 1191 1427 1285 profefio
1460 1215 1592 1260 non
1628 1196 1839 1264 video.
1943 1197 2100 1264 Non
2130 1184 2343 1268 autem
2372 1191 2492 1266 dif·
2548 1239 2553 1244 -

457 1299 684 1384 fiteot‚
759 1321 900 1370 tem
959 1295 1083 1365 efle
1123 1290 1604 1388 perdifficilem,
1675 1319 1759 1364 ex
1812 1297 2163 1378 Herodoto
2227 1293 2493 1389 aliquod

460 1395 710 1474 certum
743 1421 1000 1492 tempus
1045 1395 1129 1468 fic
1160 1395 1464 1478 definire,
1506 1417 1581 1464 vt
1608 1419 1741 1464 non
1772 1397 2028 1468 aliunde
2060 1386 2494 1469 assumendum

459 1505 532 1578 fit
561 1503 838 1599 aliquid,
872 1505 936 1570 in
966 1521 1103 1592 quo
1137 1495 1320 1568 facile
1337 1495 1487 1581 ⁸fieri
1520 1496 1763 1588 potest,
1798 1519 1871 1568 vt
1894 1501 1974 1568 ab
1998 1504 2130 1570 eius
2164 1489 2309 1570 v'era
2352 1501 2497 1592 opi·

463 1610 660 1678 nione
723 1606 1108 1678 aberremus.
1259 1601 1388 1671 Sed
1432 1599 1677 1669 necesse
1712 1596 1803 1672 est
1848 1601 1913 1668 in
1959 1623 2044 1669 eo
2084 1604 2374 1684 audiore,
2426 1620 2501 1671 vt

455 1709 588 1780 hoc
615 1706 950 1780 discrimen
971 1698 1354 1798 pleru‘mque
1385 1701 1733 1774 subeamus.
1830 1703 1933 1771 Sic
1949 1700 2078 1773 boc
2108 1705 2259 1774 loco
2294 1701 2503 1796 ipsum

449 1811 952 1908 ,fundamentum
1023 1801 1421 1878 successionis
1479 1825 1707 1896 regum
1784 1805 2038 1875 Mediae
2094 1793 2547 1876 'extrinsecns.

461 1911 920 1988 adsumendum
947 1905 1070 1993 est,
1113 1910 1260 2001 quia
1293 1909 1681 1978 Herodotus
1710 1905 1839 1998 ipse
1868 1929 2001 1978 non
2052 1907 2289 2002 posuit:
2397 1903 2502 1980 Ex

309 2033 328 2050 “
462 2017 632 2088 lulio
707 2011 1011 2082 Africano
1043 2013 1127 2096 ’27)
1183 2011 1645 2100 inquam‚.q11i
1690 2005 2057 2096 Polybium,
2118 2010 2501 2080 Diodorum

463 2111 767 2192 Siculum,
788 2113 1128 2194 Thallum,
1181 2111 1644 2202 Phlegontem,
1696 2109 2041 2194 Castorem,
2072 2114 2226 2180 alios
2254 2135 2505 2194 omnes,

464 2221 748 2290 anderes
811 2213 872 2284 se
953 2211 1191 2282 habere
1251 2213 1625 2304 praedicat,
1723 2213 1899 2282 initia
1947 2215 2099 2301 Cyri
2159 2215 2225 2281 in
2258 2213 2499 2304 =primo

466 2340 637 2389 anno
667 2313 1068 2407 Olympiadis
1111 2313 1250 2383 LV.
1279 2312 1412 2385 hoc
1437 2314 1523 2383 est
1556 2317 1619 2385 in
1648 2336 1881 2385 annum
1924 2316 2178 2409 periodi
2230 2316 2505 2385 Iulianae
2618 2367 2627 2378 .

463 2447 645 2509 4154.
683 2438 1047 2516 extremum
1075 2400 1358 2487 conferri
1389 2412 1725 2511 oportere.
1820 2416 2111 2511 Phlegon
2144 2416 2498 2486 Trallianus

464 2526 670 2617 aliqua
717 2520 816 2590 sua
865 2519 1080 2611 pai-tc,
1129 2540 1197 2589 et
1241 2517 1382 2589 satis
1430 2532 1691 2613 magna,
1756 2518 1968 2591 adhuc
2017 2516 2251 2601 exstat,
2318 2514 2505 2611 quod

463 2624 937 2696 miror'doeios
980 2624 1155 2693 viros
1185 2620 1435 2715 fugere.
1536 2620 1843 2715 Iosephus
1891 2610 2167 2715 Scalig'er
2207 2620 2378 2691 enim
2420 2618 2505 2689 ab

469 2728 690 2799 isaacio
742 2724 1121 2795 Casaubono
1165 2728 1409 2819 accepit
1456 2746 1543 2793 ex
1577 2718 2003 2818 οὲνεπιγςάφῳ
2046 2724 2215 2794 libro
2266 2721 2505 2793 biblio·-

466 2831 692 2904 thecae
722 2828 936 2919 regiae
965 2824 1302 2895 Parisienfis
1331 2820 1764 2916 Ολυμπιεὶδων
1804 2816 2184 2919 ἀναγραφέν
2232 2828 2297 2913 8)
2339 2826 2507 2893 eam'·

470 2953 600 3021 que
665 2934 830 2999 inter
864 2930 1106 2997 Graeca
1141 2927 1403 2996 ·Eusebii
1431 2930 1664 2993 edidit:
1745 2948 1891 2995 cum
1954 2926 2021 2993 in
2084 2920 2365 3019 epistolis
2423 2922 2503 2994 ad

471 3032 760 3101 isaacium
818 3021 1294 3109 Cambonum,
1355 3026 1531 3097 hunc
1570 3024 1772 3116 ipsum
1816 3024 1953 3095 Iulii
1999 3024 2276 3095 Africani
2324 3026 2505 3097 libel-

471 3134 603 3207 lum
633 3128 760 3203 effe
795 3130 1166 3213 contendit,
1217 3130 1279 3195 in
1315 3126 1604 3196 editione
1631 3124 1755 3215 ipsa
1788 3122 2505 3219 nescio'cur‘diffimula·
2579 3137 2588 3146 ’

468 3236 576 3305 rit.
689 3232 936 3301 Mirum
980 3230 1164 3321 quod
1207 3222 1588 3321 quibusdam
1632 3228 1697 3295 in
1742 3248 2021 3299 mentem
2054 3232 2264 3313 venit,
2308 3228 2506 3301 Scali-

469 3358 695 3431 gerum
725 3332 884 3405 hanc
915 3326 1300 3426 οἷναγςοιῲἦν
1335 3324 1747 3425 confinxisse:
1796 3330 2100 3402 addidisse
2133 3356 2280 3405 eum
2315 3354 2506 3425 quae·

459 3441 616 3508 'dam
663 3436 966 3528 inueniO,
1033 3436 1294 3503 minime
1340 3428 1633 3503 laudabili
1692 3432 2033 3525 diligentia.
2188 3436 2509 3503 Henricus

471 3540 836 3615 Doduellus
889 3537 954 3605 in
999 3537 1192 3624 cyclis
1241 3538 1503 3607 Graecis
1531 3534 1743 3606 eidem
1776 3536 1937 3607 lulio
1976 3532 2286 3608 Africano
2330 3536 2509 3605 attri-

2364 3632 2509 3709 buit

561 3892 624 3973 ς)
669 3886 735 3952 In
765 3886 1092 3955 canonibus
1133 3880 1443 3969 isagogicis
1486 3902 1543 3967 p.
1569 3899 1691 3967 321.
1935 3888 2008 3961 6)
2049 3882 2118 3947 In
2164 3834 2537 3964 Fragment..

639 3994 698 4057 p.
727 3992 830 4054 4²⁸
1099 3979 1169 4057 7)
1232 3974 1296 4031 ln
1357 3968 1593 4030 Eusebii
1645 3972 2085 4051 praeparatione
2154 3966 2509 4049 Euangelicg
2572 4002 2585 4017 ·

643 4076 701 4141 Ρ.
731 4065 872 4143 488:
1117 4062 1184 4141 8)
1230 4052 1819 4143 scaligeri-epistolae
1844 4074 1903 4137 p.
1936 4072 2056 4137 25¹·
2088 4050 2169 4133 sq.
2210 4054 2347 4121 261.
2414 4075 2423 4085 ·
