2826 4619
666 315 899 368 eas-rx
966 315 1310 367 nouare!
1342 295 1892 398 'rttvsjrnuh‘
2083 315 2092 325 ·
2167 279 2314 396 ⁸3⁸29

268 501 473 573 vero,
515 478 756 573 idquit,
807 477 1041 577 nonime
1074 479 1145 554 ἐν
1160 481 1281 574 τῷ
1320 473 1592 576 παρόντι
1641 475 1885 563 ἰδιώτης
1934 475 2054 564 ων,
2100 502 2321 577 quam

270 585 470 681 qua‘m
494 589 797 682 priuatus
824 600 975 652 erae
1001 605 1069 652 eo
1101 601 1416 678 tempore,
1449 603 1666 674 portas
1691 585 1864 652 vrbis
1890 583 2098 652 claudi
2125 577 2316 655 ΜΒΓ.

274 688 385 758 Ob
416 686 597 775 quod
640 687 939 754 meritum
967 700 1111 754 cum
1144 685 1336 752 multa
1361 707 1393 752 a
1427 681 1944 754 Lacedaemoniis
1973 683 2323 777 Philopoe-

256 779 447 858 'meni
474 788 939 869 tribuerentur,
989 786 1095 854 ille
1124 789 1460 877 pecuniam
1486 787 1708 856 reiecit
1751 783 2092 878 suasitque,
2140 804 2211 854 vt
2246 805 2322 855 ea

272 891 491 985 potius
534 888 951 970 Timolaum,
1000 889 1115 981 qui
1167 888 1231 954 in
1282 887 1567 968 Achaico
1611 908 1942 957 conuentu
1963 887 2326 982 lplnrimum

275 991 645 1060 tucioritate
683 990 966 1068 valebat,
1046 991 1319 1060 amicum
1361 987 1474 1060 fibi
1512 981 1886 1123 redderent.
2035 980 2322 1058 Eandem

276 1113 415 1166 rem
464 1091 675 1184 attigit
701 1089 1089 1162 Plutarchus.

502 1249 618 1320 VI.
674 1238 949 1316 Rursum
992 1265 1251 1338 praetor
1289 1241 1830 1336 Philopoemenes
1880 1247 2004 1320 Cn.
2053 1220 2328 1330 Manlio,
2438 1307 2446 1317 .
2485 1274 2488 1283 ·

278 1349 383 1420 M.
414 1346 645 1416 Fuluio
672 1343 857 1418 Coss.
937 1345 1147 1418 Testis
1192 1349 1428 1416 Liuius.
1464 1355 1523 1432 9)
1555 1351 1780 1420 Graue
1815 1349 1952 1420 eius
1997 1349 2332 1419 decretum

276 1445 345 1520 in
377 1443 759 1540 Spartanos,
786 1449 989 1519 videri
1020 1451 1198 1520 abiis
1230 1447 1464 1536 foedus
1493 1451 1840 1526 violatum·
1910 1450 2196 1542 Spartani
2225 1471 2329 1520 re-

140 1565 153 1572 ·
278 1551 709 1623 nunciandum
742 1547 1020 1620 societati
1056 1552 1487 1626 decreuerunt
1513 1548 2046 1642 mittendumque
2055 1547 2132 1623 ad
2175 1551 2330 1620 Ful·-

278 1653 457 1722 vium
491 1631 643 1722 cos}
684 1653 1157 1744 Cephalleniam
1191 1654 1472 1744 legatos,
1517 1656 1628 1746 qui
1657 1651 1719 1723 se
1749 1650 1982 1744 suaque
2014 1649 2332 1724 dederent

280 1755 613 1824 Romanis.
766 1757 849 1824 Ea
889 1755 1081 1824 caustis
1123 1755 1199 1822 ab
1232 1754 1504 1824 Achaeis
1546 1754 1782 1824 bellum
1813 1729 2336 1826 Lacedaemoniis

283 1855 627 1926 indifiium:
696 1877 776 1923 ne
815 1851 1133 1948 extemplo
1168 1872 1550 1950 gereretur,
1598 1852 1796 1924 biems
1851 1852 2189 1952 impediit,
2235 1855 2338 1922 in·

288 1958 433 2048 quit
499 1957 731 2048 Liuius.
884 1955 1101 2024 Habes
1165 1973 1383 2022 notam
1445 1956 1806 2044 temporis,
1869 1977 1940 2024 vt
1999 1954 2338 2044 intelligas,

284 2057 449 2126 haec
496 2055 829 2128 accidiss'e
811 2075 971 2126 intra
1002 2055 1345 2126 concilium
1375 2056 1770 2127 auaumnale
1799 2076 1868 2127 et
1899 2058 2150 2136 initium
2197 2055 2337 2126 hie-
2419 2109 2432 2122 .

252 2159 434 2236 ,mis.
538 2159 703 2228 Nam
734 2159 950 2252 paullo
978 2177 1125 2226 ante
1152 2160 1319 2252 qu‘ae
1348 2157 1616 2230 deloco
1653 2159 1916 2230 concilii
1955 2177 2343 2231 controuer-

288 2257 369 2331 fia
418 2262 583 2331 inter
622 2259 1195 2355 Philopoemenem
1250 2281 1317 2331 et
1366 2251 1758 2354 Damiurgos
1789 2260 2014 2346 fuerit,
2067 2281 2100 2327 a
2147 2249 2338 2336 Liuio

286 2363 559 2435 relatum
600 2362 706 2433 est.
820 2361 1029 2435 ‘Cum
1092 2360 1351 2433 Fuluius
1412 2365 1564 2435 Cos.
1619 2364 1965 2433 aduolass'et
1990 2358 2334 2456 postulas,-

287 2464 549 2567 setque,
612 2484 683 2535 νε
742 2464 827 2535 de
865 2462 1301 2537 controuerlia
1338 2487 1485 2533 cum
1536 2466 1853 2555 Spartanis
1894 2465 2137 2555 legatos
2201 2468 2340 2532 Ro-

291 2570 461 2637 mam
522 2568 901 2647 mitterent,
1004 2560 1163 2633 missi
1235 2564 1616 2655 Diophanes
1671 2584 1738 2633 et
1796 2567 2126 2655 Lycortas.
2278 2568 2340 2638 Is

292 2670 511 2737 omnia
542 2668 792 2734 Senatui
842 2661 1159 2755 permisit,
1209 2662 1315 2733 hic
1356 2688 1444 2735 ex
1491 2666 1851 2757 praeceptis
1885 2664 2345 2761 Philopoeme-
2433 2659 2448 2691 ³

294 2770 391 2837 nis
434 2760 827 2857 postulabat,
891 2785 963 2835 vt
1011 2766 1283 2835 Achaeis
1329 2750 1419 2835 ex
1463 2762 1736 2837 foedere
1782 2786 1848 2837 et
1898 2765 2144 2859 legibus
2201 2762 2344 2853 suis,

294 2889 465 2962 quae
506 2864 955 2957 decreuissent,
1002 2890 1191 2961 agere
1219 2868 1462 2938 liceret.
1609 2864 2006 2965 Responsum
2038 2890 2072 2937 a
2109 2870 2350 2939 Senatu

296 2971 380 3039 ita
425 2949 809 3062 perplexum
848 2990 1193 3063 accepere,
1250 2990 1317 3039 vt
1360 2967 1608 3041 Achaei
1648 2968 1861 3039 omnia
1905 2969 2017 3041 fibi
2035 2960 2350 3041 concessa
2391 2966 2396 2971 ’

299 3072 677 3143 iudicarent.
820 3071 965 3141 Hac
1014 3072 1207 3145 veluti
1254 3072 1516 3141 viiloria
1589 3071 1736 3143 elati
1803 3072 2040 3154 Achaei
2101 3054 2345 3141 bellum

188 3234 199 3243 .
296 3174 659 3279 gerendum
693 3172 1067 3244 decernunt.
1191 3172 1754 3271 Philopoemeni,
1845 3176 2082 3267 inquit
2099 3174 2346 3257 Liuius,

299 3281 731 3346 continuatur
762 3270 1197 3371 magistratus.
1284 3276 1439 3345 Eo
1423 3299 1486 3343 m
1520 3272 1874 3367 magistratu
1905 3272 2126 3347 exules
2157 3278 2350 3367 Spar-

302 3398 487 3448 tanos
512 3372 800 3447 reduxit
844 3377 1520 3467 Lacedaemoniosque
1563 3378 1842 3471 Lycurgi
1885 3368 2211 3467 disciplina
2257 3397 2358 3445 re-

294 3480 598 3573 ,pudiata,
642 3474 1061 3549 Achaeorum
1091 3477 1363 3553 instituta
1392 3478 1570 3571 sequi
1621 3473 1818 3566 instit,
1867 3502 2094 3551 muros
2133 3496 2206 3550 vt
2253 3474 2354 3549 di

304 3600 609 3663 ruerent,
652 3582 767 3651 alia
798 3580 1043 3651 multa
1028 3583 1291 3653 immitia
1320 3580 1671 3651 mandauit.

515 3740 682 3810 Vll.
716 3736 1003 3833 Reliqua
1048 3733 1137 3804 est
1177 3731 1438 3827 septima
1479 3732 2010 3840 Philopoemenis
2044 3750 2355 3824 praetura,

308 3862 511 3933 quam
547 3840 701 3907 vide
744 3860 815 3905 vt
860 3837 1305 3959 iridagauerim.
1461 3838 1763 3923 Lycortas
1803 3854 2064 3929 praetor
2121 3832 2242 3909 fuit
2281 3838 2353 3905 Ρ

312 3943 621 4021 Claudio,
666 3943 741 4011 L.
770 3940 1005 4016 Porcio
1035 3938 1253 4015 Goss.
1230 3959 1319 4024 ita
1348 3958 1422 4012 vt
1451 3934 1862 4015 succeliorem
1894 3937 2188 4013 habuerit
2215 3934 2358 4006 Phi·

300 4127 309 4135 ‚
768 4122 775 4129 ,
1060 4114 1065 4120 .
1258 4044 1353 4118 .Χ
1396 4064 1457 4125 5
1837 4116 1842 4131 ,
2133 4038 2366 4133 lopoe·

396 4174 459 4259 9)
493 4167 899 4237 1.xxxv111‚
944 4188 997 4231 c.
1021 4184 1107 4254 31·
