2826 4619
633 249 667 300 Ι
734 283 971 370 'usu
1032 315 1359 370 Αοιιᾼιοι
1415 291 1918 370 ιιινιτιᾼιι.
2197 285 2352 393 307'

289 483 461 552 Cum
490 478 799 552 versatum
841 482 907 550 in
938 505 1009 552 re
1047 481 1301 574 publica
1345 479 1538 566 dicit,
1583 481 1662 550 ab
1698 504 1783 551 eo
1815 475 2151 576 tempore,
2199 490 2339 577 quo

281 585 609 654 Nicoclen
639 604 977 674 tyrannum
1010 585 1381 699 Sicyonium
1426 576 1708 675 oppreff
1685 605 1770 665 t
1783 581 2024 654 isthuc
2071 586 2338 676 quidem

288 706 425 755 non
460 687 745 778 planci
705 681 1049 779 fignificat,
1102 687 1255 756 inde
1316 686 1440 752 iam
1499 705 1703 776 vsque
1757 685 1822 754 in
1885 685 2336 776 magistratibus
2420 755 2428 769 ,
2503 671 2510 682 ¹

287 787 417 858 effe
448 787 757 879 coepiffe‚
788 799 865 856 'at
902 785 1211 856 Plutarchi
1258 806 1476 856 tamen
1512 787 1726 854 animo
1769 799 1912 856 eam
1956 791 2339 878 opinionem

291 887 544 974 sedhic,
572 910 707 958 non
738 885 1037 960 absurdus
1066 883 1185 968 est,
1232 888 1343 978 qui
1372 885 1738 980 suspicetur.
1843 887 1936 958 nli
1976 885 2187 957 autem
2231 891 2342 961 tri·

286 992 459 1086 ginta
491 1011 619 1061 tres
649 991 797 1060 anni
826 1011 963 1058 non
997 989 1251 1080 possunt
1276 990 1357 1057 ab
1383 989 1509 1057 alio
1547 991 1869 1081 principio
1903 989 2092 1068 duci,
2134 1013 2338 1082 quam
2456 995 2466 1011 ¹

287 1093 367 1164 ah
396 1115 488 1188 eo.
514 1089 852 1182 tempore,
894 1111 1045 1164 cum
1079 1108 1365 1181 praetura
1394 1111 1596 1160 annua
1630 1087 1750 1160 suit
1779 1088 2114 1160 constituta
2145 1095 2223 1160 ab
2249 1095 2340 1164 A·

286 1195 528 1266 chaeis.
576 1195 745 1264 Nam
774 1196 837 1262 in
870 1193 1113 1264 decima
1129 1193 1309 1263 tertia
1334 1213 1645 1282 praetura,
1664 1212 1736 1260 vt
1751 1194 1952 1272 vides,
1970 1201 2195 1262 Aratus
2211 1213 2338 1264 ter·

284 1298 412 1366 tius
442 1292 879 1373 et‘tricefimus
916 1312 1177 1384 praetor
1206 1315 1448 1362 annuus
1489 1291 1644 1363 fuit.·
1733 1295 1863 1376 sic,
1878 1313 2062 1385 puto,
2083 1314 2337 1386 tempus
2434 1343 2443 1348 -
2497 1375 2507 1386 „
2567 1279 2575 1286 ⁴

278 1396 515 1490 ipsein
544 1397 1016 1465 commentariis
1044 1391 1450 1488 infigniuerat
1475 1397 1738 1468 Aratus:
1784 1418 1956 1480 non,
2009 1399 2190 1490 quod
2231 1399 2338 1468 tot

284 1515 489 1566 annos
520 1493 1231 1593 magistratus-gefferit,
1282 1493 1431 1579 sed,
1497 1499 1678 1590 quod
1706 1495 1841 1567 hoc
1881 1497 2045 1566 illius
2087 1495 2338 1572 formae

284 1601 379 1668 rei
418 1599 712 1689 publicae*
740 1595 1007 1690 spatium
1044 1596 1375 1667 exstiterit.
1495 1607 1860 1691 Antequam
1909 1599 2230 1669 decimum
2270 1617 2340 1674 et

283 1699 543 1770 tertium
577 1721 839 1791 praetor
884 1697 1041 1776 fuit,
1096 1697 1207 1768 sub
1252 1699 1518 1768 Nemeis
1561 1699 1763 1782 ludis,
1817 1699 1994 1778 bello
2037 1701 2339 1774 Cleome-
2429 1711 2438 1722 ·

286 1803 437 1872 nico
472 1802 752 1880 indiae,
804 1805 1031 1869 Aratus
1058 1821 1205 1866 cum
1238 1803 1583 1889 Antigono
1613 1802 1783 1892 egit.
1836 1820 1910 1869 vt
1937 1801 2178 1870 auxilio
2210 1823 2337 1872 ve·-

276 1905 453 1974 ‘niret
483 1901 749 1972 Achaeis
774 1920 997 1969 contra
1027 1899 1390 1989 Spartanos.
1494 1902 1571 1967 Et
1611 1922 1761 1972 cum
1804 1903 2170 1992 Antigonus
2223 1903 2338 1975 alia

270 2005 665 2076 'conditione
699 2023 890 2093 quam
938 1999 1287 2069 tradendae
1333 1997 1630 2069 Corinthi
1675 1997 1802 2070 sese
1838 1999 2168 2072 moturum
2199 2023 2338 2076 non

274 2105 411 2175 'effe
438 2101 749 2194 ostendit,
800 2106 1029 2173 Aratus
1062 2099 1243 2169 miffo
1281 2101 1360 2168 ad
1406 2123 1628 2193 regem
1663 2107 1862 2173 Arato
1890 2101 2030 2174 fiiio
2069 2105 2155 2175 de
2197 2103 2342 2177 foe&

284 2207 443 2276 dere
470 2205 785 2274 conuenit
818 2205 880 2272 in
912 2223 1049 2272 eam
1081 2203 1558 2286 conditionem,
1609 2207 1792 2298 quod
1821 2226 1960 2276 tum
1990 2207 2340 2280 Corinthus

278 2305 488 2379 auulsa
521 2332 554 2377 a
602 2307 869 2377 nomine
899 2305 1184 2378 Achaico
1232 2307 1548 2401 Spartanis
1592 2305 1659 2377 se
1695 2307 2054 2381 dedidiss'et.
2095 2315 2152 2394 ²)
2197 2314 2338 2382 Am·

281 2412 571 2481 &omnus
600 2429 770 2505 erat,
822 2432 969 2480 cum
1006 2410 1373 2501 Antigonus
1399 2406 1776 2481 aduentaret
1819 2408 2338 2507 Cleomenesque
2430 2482 2441 2503 κ

276 2511 642 2584 ‘exercitum
670 2512 935 2581 haberet
961 2510 1039 2579 ad
1084 2508 1428 2577 Isthmum:
1476 2509 1716 2578 interea
1753 2510 1970 2601 Argos
2023 2535 2140 2601 per
2187 2517 2338 2583 Aris.
2391 2562 2396 2570 .

277 2612 569 2683 stoteiem
603 2614 914 2705 Argiuum
952 2609 1329 2699 proditione
1352 2608 1740 2711 receperunt
1773 2610 2037 2682 Acha‘ei.
2071 2612 2154 2699 4)
2176 2614 2335 2687 Βιιιι

279 2712 715 2791 memorabilis
746 2712 840 2779 rei
870 2714 1139 2789 Aratus
1194 2706 1300 2778 sed
1330 2702 1768 2781 Macedonicis
1799 2730 1948 2781 cum
1979 2711 2187 2805 copiis
2205 2757 2224 2795 ,
2248 2707 2338 2787 vk

280 2816 601 2909 priuatum
649 2832 733 2883 eo
774 2806 1073 2905 tempore
1118 2809 1299 2897 suiffe
1335 2812 1654 2901 adpareat.
1715 2814 1780 2902 5)
1827 2814 2132 2885 Ciuitates
2177 2816 2335 2889 aliae

280 2936 449 3011 quae
489 2909 893 2997 defecerant,
954 2932 1131 2985 metu
1182 2912 1506 3007 percuisae
1566 2904 1910 3007 redierunt
1962 2915 2082 2984 ad
2097 2902 2332 2991 foedus

279 3016 666 3088 Achaicum.
732 3012 1117 3087 Cleomenes
1147 3038 1230 3085 ne
1254 3039 1288 3085 a
1325 3014 1794 3087 Macedonibus
1837 3028 1932 3086 et'
1945 3017 2211 3089 Achaeis
2238 3020 2340 3090 ins·
2421 3054 2429 3063 ’

280 3120 685 3199 cluderetur,
756 3112 1040 3199 receffit‚
1104 3120 1470 3209 Antigonus
1533 3118 2023 3191 Acrocorintho
2075 3100 2338 3217 recepta

280 3217 644 3297 hibernauit
682 3218 982 3289 Corinthi
1030 3238 1096 3288 et
1120 3220 1442 3323 Sicyone.
1547 3222 1812 3290 Ineunte
1857 3244 2010 3291 vere
2056 3226 2356 3313 Antigoa,
2480 3266 2490 3269 -

284 3340 403 3393 nus
460 3322 753 3414 Tegeam
810 3322 1024 3392 mouit
1077 3342 1279 3413 eaque
1334 3324 1498 3391 vrbe
1562 3344 1630 3393 et
1693 3316 2018 3411 Mantinea
2075 3326 2336 3395 orcho-

158 3503 168 3515 ,
278 3426 635 3519 menioque
662 3425 880 3515 captis,
910 3420 1044 3515 ipse
1066 3422 1143 3491 ad
1182 3432 1575 3492 conuentum
1609 3426 2018 3495 Achaeorum
2067 3424 2176 3496 sub
2221 3443 2337 3497 au-

276 3528 537 3599 &umno
556 3522 881 3645 professus
910 3526 1267 3595 exercitum
1295 3528 1358 3595 in
1395 3524 1660 3594 hiberna
1693 3524 1893 3600 dumis
1899 3550 1944 3597 t
1999 3526 2226 3595 Haec·
2211 3516 2335 3618 igi·-
2381 3562 2386 3571 ·

277 3650 381 3701 rur
414 3627 757 3699 maximam
777 3646 1019 3719 partem
1038 3646 1398 3721 perpetrata
1419 3624 1558 3693 sunt
1583 3632 1784 3695 Arato
1812 3648 2144 3721 praetore.
2197 3644 2333 3701 erat

276 3730 484 3801 adhuc
506 3748 785 3822 praetor,
804 3747 951 3799 cum
984 3728 1369 3799 Cleomenes
1402 3728 1644 3796 otiosos
1671 3732 2002 3799 arbitratus
2034 3726 2242 3799 hostes
2263 3730 2338 3801 ia

273 3830 559 3945 hibernis
604 3852 829 3921 agere,
877 3828 1329 3925 Megalopolin
1354 3828 1630 3901 admotis
1663 3828 1872 3923 copiis
1899 3833 2090 3922 cepit,
2117 3832 2336 3924 primo

276 3929 490 4007 a‘utem
524 3953 678 4003 vere
710 3927 871 4002 fines
902 3932 1299 4027 Argiuorum
1335 3929 1526 4003 tnuas
1529 3952 1577 4002 t
1625 3934 1818 4040 initio
1832 3932 2132 4041 denique·
2143 3930 2332 4118 aest}
2381 3930 2386 3937 ’

1216 4038 1285 4105 V
1328 4056 1365 4101 2
1925 4065 1934 4073 ·
2231 4035 2276 4101 ti

352 4124 427 4215 ς)
465 4084 755 4211 Polybius
782 4144 1151 4214 p.191.192
1335 4131 1409 4212 4)
1446 4126 1800 4215 Polybiusl.
1829 4146 1883 4192 c.
2063 4133 2155 4258 ⁸5?
2193 4128 2336 4193 Plu-

432 4212 672 4339 κακῶς
702 4233 766 4297 p.
797 4212 981 4296 1046.
1139 4254 1149 4266 .·
1176 4250 1191 4257 -
1243 4285 1251 4293 Ι
1597 4226 1605 4233 ·
2173 4274 2189 4290 χ
