2826 4619
532 317 686 394 242
772 283 1385 408 couvtasrorgtcs'
1439 309 1708 363 atrum
1769 311 2341 369 scra-umam:
2472 390 2486 406 .

711 423 725 449 5
2625 453 2632 460 .

530 486 731 555 ciam.
833 479 1127 572 Plerique
1140 479 1367 573 populi
1398 496 1466 548 et
1489 473 1855 569 praesertim
1883 475 2182 552 libertatis
2201 481 2580 573 virtutisque

548 605 861 668 amantes,
910 603 1120 652 rerum
1164 603 1308 650 ante
1362 578 1423 648 se
1466 577 1775 670 gestarum
1821 569 2242 653 admiratione
2283 586 2478 664 moti,
2527 579 2576 650 fi

544 709 685 769 non
702 683 986 802 scripte,
1022 703 1233 752 tamen
1264 679 1563 750 sermone
1601 702 1670 750 et
1711 684 1987 752 carmine
2027 685 2300 776 aliquam
2342 681 2576 776 priscae

408 809 418 830 ’
545 789 901 858 memoriae
930 785 1442 854 recordationem
1467 778 1936 878 conseruarunt.
2033 787 2303 882 Fabulae
2333 805 2368 853 a
2407 807 2574 870 vens
2605 799 2612 807 ·

406 897 415 918 ’
530 885 943 960 ‚sermonibus
976 885 1269 955 narrandi
1297 882 1677 954 obscuritate
1717 881 2060 971 differunt,
2107 909 2240 954 non
2283 907 2420 956 tota
2463 908 2575 955 na·

544 1013 687 1060 tura
726 988 865 1068 sua,
914 989 1007 1054 vti
1036 983 1179 1054 falsa
1222 1007 1291 1055 et
1330 987 1787 1056 commentitia.
1937 989 2042 1056 Sic
2085 993 2148 1056 in
2187 989 2571 1058 Graecarum

542 1091 899 1212 fabularum
944 1087 1269 1181 plerisque
1316 1084 1474 1155 inest
1518 1109 1734 1156 rerum
1778 1085 2083 1182 gestarum
2119 1089 2431 1180 quaedam
2464 1109 2574 1156 ve-

394 1183 403 1190 ’
432 1165 441 1174 ⁵
544 1195 719 1270 ritas,
721 1163 834 1260 sed
858 1191 1009 1258 velis
1040 1188 1349 1259 occultata
1362 1185 1498 1257 suis
1523 1208 1591 1257 et
1605 1192 1904 1262 tenebris.
1955 1190 2292 1280 Eleganter
2309 1192 2571 1260 Strabo.

398 1297 405 1311 ’
536 1291 619 1386 π)
652 1285 1079 1380 Φίλέῑδῆμων
1050 1317 1081 1360 0
1117 1289 1337 1386 02¹va
1338 1315 1487 1371 πος,
1515 1289 1830 1408 orfaolptov
1860 1287 1926 1360 δὲ
1948 1287 2180 1361 τούτου
2205 1285 2282 1368 τὲ
2313 1287 2572 1383 Φςλὸμυ
2545 1318 2602 1348 ο

539 1401 695 1474 θον,
736 1393 985 1462 etidem
1002 1395 1217 1485 paullo
1235 1389 1377 1484 post
1394 1413 1527 1460 non
1543 1395 1750 1462 minus
1765 1415 1950 1462 vere.
1983 1421 2033 1462 οι
2065 1397 2379 1488 orem-ori,
2355 1419 2576 1487 οςικοι

464 1581 472 1588 ⁶
534 1523 663 1584 ‚uoq
694 1491 995 1582 φυσικοὶ,
1047 1489 1516 1586 μυθογράφοι.
1617 1497 1830 1592 Quam
1859 1491 2224 1564 sententiam
2253 1495 2584 1612 Palaepha-

536 1615 685 1676 tus,
734 1577 1075 1665 Eu‘statbius
1101 1617 1167 1667 et
1198 1617 1460 1688 magnus
1481 1595 2055 1674 Grammaticorum
2076 1575 2432 1688 populusin
2463 1617 2581 1664 ex-

540 1698 853 1792 plicandis
882 1695 1107 1767 fabulis
1141 1699 1399 1768 Graecis
1427 1693 1966 1785 sequuntur.1n
2011 1699 2320 1764 Romanis
2363 1716 2576 1766 autem

538 1801 753 1868 nolite
795 1798 1097 1883 credere,
1144 1801 1401 1893 Fabium
1431 1797 1758 1866 Ρίἂοτεω
1795 1817 1910 1866 aut
1948 1799 2025 1866 L.
2066 1797 2418 1880 Sisennam,
2469 1799 2578 1868 vel

542 1901 881 1981 Claudium
947 1877 1433 1996 Quadrigarium
1491 1919 1558 1970 et
1577 1895 1696 1997 Q.
1753 1899 2073 1970 Valerium
2135 1903 2454 1970 Antiatem
2495 1887 2576 1968 ab

540 2004 865 2082 Euandri,
914 2007 1324 2083 Carmentae,
1384 2000 1712 2086 Saliorum
1763 2005 2146 2072 carminibus
2209 1999 2577 2083 abstinuisse,

518 2124 653 2172 ‚aut
694 2103 850 2172 nihil
892 2103 1145 2170 traxisse
1184 2125 1218 2168 a
1254 2101 1464 2190 fama..
1534 2103 1594 2169 Is
1637 2103 1899 2192 quidem
1940 2103 2358 2174 vehementer
2391 2123 2580 2184 errat,

538 2201 841 2293 quinihil
872 2199 1044 2270 secus
1068 2199 1297 2270 factum
1326 2217 1516 2292 putet
1539 2201 1603 2281 in
1641 2201 2010 2294 primordiis
2048 2205 2580 2274 Romanimomi-

540 2306 674 2384 nis,
729 2324 919 2394 quam
962 2320 1033 2369 vt
1071 2297 1325 2391 scriptis
1360 2301 1759 2371 eruditorum
1806 2300 2143 2371 hominum
2183 2305 2573 2373 continetur.

539 2406 893 2495 Ingenuam
922 2405 1009 2475 Γ.
1032 2404 1195 2472 Liuii
1228 2396 1689 2472 confessionem
1721 2402 1910 2485 vide,
1961 2422 2068 2473 aut
2111 2403 2403 2491 Dionysii
2441 2408 2576 2473 Ha-

536 2502 981 2577 licaruaffeniis
1022 2504 1167 2574 aT.
1198 2502 1384 2575 Liuio
1423 2480 1662 2573 diffens
1643 2526 1883 2573 onem
1952 2504 2195 2574 Priscis
2226 2524 2434 2575 autem
2481 2500 2583 2577 fa-
2691 2592 2698 2599 ,

524 2608 707 2681 ‘bulis
724 2610 921 2699 (quas
946 2631 981 2675 a
996 2596 1209 2698 fandb
1238 2608 1346 2677 seu
1385 2603 1661 2677 'obscuro'
1689 2627 1948 2675 rumore
1969 2605 2136 2675 haud
2167 2606 2432 2677 absurde
2453 2630 2578 2700 pu·

398 2702 407 2721 '
540 2729 749 2779 tamus
760 2706 916 2803 dici)
939 2710 1130 2779 multa
1160 2706 1464 2802 figmenta
1485 2709 1801 2807 paullatim
1819 2706 2074 2777 admista
2103 2708 2382 2791 fuerunt,
2409 2730 2582 2801 quae

540 2833 671 2905 pro
688 2809 798 2882 suo
814 2810 1084 2903 quisque
1095 2812 1359 2903 ingenio
1376 2822 1482 2881 aut
1495 2808 1747 2881 rescidit
1761 2830 1868 2879 aut
1879 2810 2326 2902 interpretatus
2341 2810 2452 2882 est.
2471 2810 2580 2880 Est

540 2934 757 2983 tamen
784 2908 1066 2991 difficile,
1098 2915 1163 2979 in
1182 2916 1363 2981 omni
1381 2911 1592 2981 fabula
1620 2910 1866 2991 sentire,
1893 2912 2054 3003 quid
2085 2911 2214 2981 falsi
2243 2910 2578 2983 admistum

539 3012 617 3082 fit
642 3036 835 3095 vero,
868 3024 991 3081 'aut
1018 3034 1325 3103 quantum
1354 3016 1418 3087 in
1448 3034 1665 3083 earum
1695 3013 1899 3103 aliqua
1935 3034 2117 3081 vetus
2148 3036 2369 3082 rumor
2393 3035 2428 3085 a
2449 3038 2576 3106 pu-

538 3114 685 3184 tido
718 3134 1096 3184 commento
1133 3112 1482 3207 discrepet:
1537 3114 1743 3185 multo
1772 3115 2008 3185 deinde
2039 3111 2356 3208 difficilius
2382 3116 2492 3203 est,
2527 3114 2578 3186 fi
2639 3110 2648 3125 '

536 3212 933 3285 diuersorum
966 3214 1359 3307 populorum
1390 3214 1674 3287 diuersae
1703 3214 1963 3287 fabulae·
1989 3236 2188 3295 vnum
2229 3218 2298 3285 in
2343 3238 2582 3311 corpus

538 3314 843 3387 confusae
874 3315 1025 3385 fint·
1084 3313 1565 3407 difficillimum,
1613 3315 1664 3386 fi
1703 3316 1816 3409 qu'i
1849 3316 2080 3387 eruditi
2121 3318 2450 3402 homines,
2499 3338 2578 3389 vt

540 3419 887 3509 ampliores
932 3421 1422 3511 ornatioresque
1473 3418 1698 3511 priscas
1743 3414 2025 3488 facerent
2071 3416 2356 3502 fabulas,
2431 3422 2578 3490 otio

539 3518 704 3590 suo
688 3540 1185 3613 intemperanter
1213 3517 1356 3591 sunt
1378 3520 1584 3601 abufi,
1632 3542 1862 3625 eorum
1894 3522 2230 3611 pigmenta
2251 3544 2286 3590 a
2315 3522 2584 3592 rudibus

538 3619 767 3701 fabulis
802 3644 891 3689 .vt
958 3620 1263 3715 seiungas.
1410 3624 1664 3719 Quare,
1719 3624 2268 3713 quemadmodum
2313 3624 2576 3695 Flamini

539 3724 713 3793 Diali
752 3746 885 3791 non
922 3724 1151 3793 licebat
1180 3727 1285 3793 vel
1317 3726 1650 3793 nominare
1679 3723 1782 3793 vel
1811 3742 2072 3815 tangere
2103 3722 2332 3805 fabam,
2365 3723 2446 3795 ita
2475 3726 2579 3797 vi·
2640 3775 2646 3784 -

540 3824 682 3894 deri
727 3820 1168 3921 alicuipoffit‚
1208 3848 1241 3895 a
1282 3824 1515 3897 fabulis
1567 3827 1866 3895 omnibus
1906 3820 2214 3898 abstinere
2265 3846 2580 3919 oportere

536 3922 896 3999 historicos.
995 3934 1085 3999 At
1112 3930 1343 4001 timent
1366 3929 1626 4013 merito,
1655 3951 1739 4002 ne
1761 3930 1827 3997 in
1855 3925 2133 4000 obscuris
2152 3930 2579 4101 κεκηροιὲίὲιιίῗἰ

1917 4053 1958 4115 xl
2229 4066 2232 4073 '

611 4150 681 4237 7)
722 4174 779 4237 a·
814 4178 891 4240 ¹³·
