2826 4619
1252 179 1266 216 ί

397 286 649 366 ·³214e
762 315 771 326 ·
924 271 1931 343 ,ιιιΜοίιΑε-ισιτιιιοιε

436 451 451 474 ‘
470 455 701 528 auxilia
736 419 1253 526 abfvlterioribu's
1280 455 1532 544 Scythis
1559 455 1898 530 aduenisse.
1985 438 2104 529 'Sic
2128 437 2348 526 hostes
2379 453 2530 528 elusi

238 619 245 632 .
366 623 370 628 .
468 558 539 628 se
566 577 977 648 receperunt.·
1060 561 1349 628 'Venere
1386 556 1629 628 deinde
1667 559 1858 648 legati
1905 555 2186 650 Philippi
2225 561 2404 649 regis
2447 561 2530 628 ad

469 659 757 732 Atheam
788 661 872 730 de
884 658 1194 730 Qfoedere
1296 661 1532 734 Atheas
1565 660 1811 751 legatos
1853 678 1999 729 cum
2045 681 2384 730 contemtu
2431 677 2532 732 ac·
2619 672 2626 682 ‘

454 765 650 860 cepit
686 780 754 836 ,et
796 763 1037 852 equum
1075 759 1296 854 strigili
1342 765 1600 853 peEiens
1655 762 2114 854 interrogauit,
2212 785 2292 830 an
2351 762 2528 834 idem

340 856 345 864 ¹
470 863 810 954 Philippus
850 885 969 932 rex
982 857 1273 956 faceret,
1315 863 1376 953 5)
1413 863 1618 934 credo
1643 882 1715 931 vt
1744 843 2183 955 frugalitatem
2191 862 2534 933 ostentaret

477 985 548 1036 et
602 965 889 1034 duratam
936 966 1401 1034 exercitatione
1447 966 1778 1034 virtutem.
1955 967 2266 1038 Nunciari
2315 985 2532 1034 autem

384 1147 395 1157 ,
474 1061 617 1138 ιιιΠ
598 1087 647 1135 t
688 1065 1081 1164 Macedoni,
1156 1087 1371 1157 neque
1417 1063 1661 1158 petiiss'e
1712 1059 1776 1134 se
1819 1067 2128 1137 auxilinm
2145 1067 2352 1157 quod
2399 1085 2530 1136 tam

336 1213 345 1220 -
474 1168 719 1260 cupide
753 1119 1145 1258 promiserit,
1196 1189 1345 1238 cum
1374 1167 1645 1258 Scythae
1673 1163 1790 1234 suis
1817 1169 2002 1238 armis
2045 1188 2236 1257 atque
2288 1167 2530 1237 viribus

480 1267 696 1340 hostes
732 1268 1101 1360 propulsare
1142 1248 1600 1350 adsueuerint,
1631 1289 1844 1358 neque
1858 1269 1976 1339 de
2013 1269 2370 1360 adoptione
2411 1292 2532 1338 co·-

324 1411 331 1424 ·
474 1369 705 1463 gitasse
736 1369 875 1440 filio
908 1369 1241 1440 incolumi.
1344 1371 1712 1462 Philippum
1747 1367 2088 1441 bellicosae
2112 1372 2288 1462 genti
2332 1373 2534 1462 impe-

472 1495 622 1544 sare
650 1473 1158 1552 Macedonibus.
1213 1470 1315 1558 se,
1370 1470 1412 1539 fi
1429 1471 1706 1552 nesciat,
1759 1473 2079 1563 populum
2110 1495 2372 1564 regere,
2419 1474 2536 1564 qui

474 1574 672 1646 etiam
714 1563 939 1654 c‘ontra
966 1573 1199 1652 famem
1228 1596 1295 1652 et
1330 1573 1490 1643 sitim
1519 1595 1798 1693 pugnet,
1849 1575 2134 1660 Scythas.
2250 1577 2338 1642 At
2389 1575 2577 1643 Phia..

480 1675 721 1768 lippus
736 1678 892 1746 alios
924 1677 1171 1768 legatos
1204 1674 1334 1744 ιιιιΓ
1340 1697 1401 1762 t
1456 1678 1568 1767 qui
1597 1697 1743 1748 cum
1778 1675 1978 1744 Athea
2007 1679 2090 1744 de
2118 1677 2368 1744 auxiliis
2395 1677 2538 1744 Ma·
2608 1669 2619 1677 ’

376 1789 385 1804 ‘
472 1779 813 1853 cedonicis
845 1799 911 1850 et
940 1777 1212 1849 foedere
1258 1777 1738 1871 expostularent
1785 1797 1852 1847 et
1903 1777 1983 1844 ad
2029 1775 2268 1847 bellum
2302 1775 2548 1846 sociale·

466 1875 729 1956 summa.
763 1883 827 1951 vi
874 1881 1229 1974 gerendum
1280 1884 1582 1972 pecunias
1627 1879 1984 1971 poscerent.
2149 1879 2388 1948 Atheas
2438 1879 2536 1946 his

476 1981 795 2066 ostendit,
843 1984 1089 2072 Scythis
1144 1984 1343 2053 nulla's
1390 2006 1552 2074 opes
1598 1983 1760 2063 effe,
1787 1983 2054 2073 ‚quibus
2094 1982 2538 2052 Macedonum

264 2131 273 2140 ·
312 2087 333 2114 ³
418 2105 439 2167 j
468 2087 899 2176 :cupiditatem
930 2085 1263 2175 expleant:
1318 2083 1418 2152 sua
1457 2083 1520 2152 se
1551 2085 1789 2151 virtute
1823 2106 1890 2151 et
1918 2105 2272 2174 corporum
2301 2075 2534 2154 durato

466 2189 761 2264 robore,
808 2185 999 2252 nullis
1048 2184 1287 2250 diuitiis
1318 2185 1603 2272 gloriari.
1724 2183 1874 2252 Hoe
1905 2185 2212 2274 responso
2261 2203 2534 2274 accepto

456 2283 807 2378 ‘Philippus
836 2275 1239 2353 obsidionem
1263 2283 1550 2369 Byzantii
1579 2279 1771 2352 soluit
1796 2303 1862 2351 et
1909 2282 2240 2355 aduersum
2273 2283 2548 2372 Scythas,

400 2370 409 2431 3
476 2389 707 2465 duxit,
756 2382 943 2455 miffis
984 2382 1177 2455 astute
1210 2386 1466 2479 legatis,
1517 2386 1632 2475 qui
1667 2384 1742 2451 ad
1777 2386 2050 2453 Atheam
2062 2384 2367 2464 mandata
2393 2404 2539 2476 per·

474 2486 761 2568 ferrent,
813 2489 1247 2557 Macedonem
1298 2485 1666 2579 occupandi
1731 2486 2004 2574 Byzantii
2047 2486 2224 2555 causs
2209 2508 2240 2552 ι
2279 2484 2540 2557 statuam

468 2590 729 2661 vouiss‘e
760 2590 1065 2671 Herculi,
1116 2612 1259 2661 eam
1298 2588 1361 2658 se
1392 2587 1540 2681 ipfis
1569 2590 1636 2656 in
1669 2586 1839 2657 ostiis
1874 2586 2006 2659 lstri
2035 2581 2396 2657 dedicatum
2424 2612 2538 2657 ve·
2565 2634 2583 2677 3
2617 2620 2630 2633 ·

479 2694 659 2775 nire,
708 2712 996 2764 ceterum
1024 2714 1314 2783 pacatum
1343 2690 1541 2761 fore
1527 2712 1647 2761 iter
1675 2712 1742 2759 et
1782 2688 1824 2757 Γ
1805 2714 1911 2759 ne
1953 2678 2236 2761 molestia
2277 2691 2539 2778 Scytha-

470 2816 651 2867 rum.
752 2792 993 2865 Atheas
1027 2796 1137 2887 qui
1172 2796 1396 2865 dolum
1431 2792 1578 2861 sens
1581 2811 1642 2875 t
1697 2791 2068 2883 postulauit,
2117 2813 2192 2863 vt
2223 2793 2300 2862 ad
2333 2791 2398 2861 se
2424 2784 2538 2861 sta-

476 2914 587 2965 tua
644 2897 1041 2975 mitteretur,
1118 2893 1183 2981 se
1236 2916 1305 2965 et
1350 2896 1792 2963 dedicaturum
1857 2910 1928 2965 et
1991 2892 2396 2987 prouisurum
2453 2916 2540 2964 ne
2627 2908 2637 2913 “

476 2996 794 3065 violetur.
838 2997 1195 3067 exercitum
1222 3000 1289 3064 in
1326 2994 1486 3064 fines
1529 2990 1682 3067 suos
1727 2998 1962 3066 intrare
2005 3019 2144 3065 non
2185 2995 2537 3099 paliurum:

464 3094 568 3170 fin
599 3098 806 3166 inuito
842 3096 906 3167 se
950 3095 1209 3166 statuam
1256 3118 1503 3189 ponat,
1567 3096 1628 3169 se
1669 3079 1902 3167 sublata
1941 3122 2016 3169 ea
2070 3120 2173 3167 aes
2211 3088 2542 3169 versurum

363 3222 371 3231 ·
478 3200 553 3269 in
589 3196 947 3288 sagittarum
992 3196 1301 3288 cuspides.
1451 3202 1556 3269 Sic
1593 3216 1926 3270 concitatis
1974 3220 2252 3271 inuicem
2299 3202 2542 3279 animis,

472 3300 883 3375 Macedones
924 3300 1005 3369 ad
1058 3298 1281 3377 Istrum
1324 3298 1638 3395 profem,
1705 3303 2014 3394 praelium
2059 3300 2543 3373 commiserunt.

438 3442 445 3450 ·
476 3402 809 3501 Scythae
790 3424 857 3469 ιιι
888 3403 1025 3475 acie
1050 3424 1118 3474 et
1146 3426 1422 3475 numero
1456 3424 1522 3473 et
1563 3405 1798 3473 virtute
1849 3404 2238 3495 superiores,
2313 3401 2548 3495 (confi-

472 3524 695 3577 tentes
724 3499 1031 3575 habemus
1062 3508 1380 3599 Graecos,
1412 3503 1737 3597 gloriosos
1773 3504 2094 3599 homines)
2125 3504 2250 3575 astu
2266 3505 2546 3599 Philippi

477 3628 551 3695 ao
586 3605 801 3698 fugam
840 3608 1289 3679 coniiciuntur.
1449 3608 1666 3677 Vicies
1703 3608 1877 3678 mille
1907 3610 2093 3701 pueri
2137 3606 2550 3697 feminaeque

478 3711 687 3801 capti,
709 3725 991 3801 peeoris
1038 3712 1132 3787 vis
1170 3732 1435 3802 magna,
1485 3710 1621 3779 aui-i
1659 3710 2042 3802 argentique
2087 3710 2271 3781 nihil.
2399 3709 2547 3777 ·Vi-

478 3810 647 3905 giuti
678 3832 985 3903 equarum
1026 3814 1107 3882 ad
1140 3815 1680 3913 propagationem
1709 3816 1962 3903 generis
1995 3814 2060 3880 in
2092 3810 2546 3882 Macedoniam
2662 3887 2670 3895 ,

2310 3912 2545 3981 millae.

464 4098 505 4121 ·
538 4060 669 4145 3)
590 4058 1035 4235 ”Zutfloehus
1094 4060 1161 4127 in
1204 4058 1746 4149 Apophthegmatis
1803 4080 2018 4146 regum
2063 4082 2124 4147 p.
2165 4078 2300 4145 174
2381 4056 2552 4121 Iusti-

892 4165 947 4219 G-
1058 4204 1089 4215 ..
