2826 4619
1196 176 1237 209 Χ

1013 310 1119 366 oe
1177 249 1629 392 cini-uenus.
2106 349 2125 370 ,
2200 298 2363 394 133'
2462 335 2476 346 =

289 479 672 574 φαντασίας
699 477 1130 572 paulloaltius
1171 501 1505 573 repetere,
1568 457 1877 576 quoniam
1909 486 2163 577 antiqua
2206 481 2348 556 satis

289 585 409 656 est.
557 584 841 666 Cimbri,
890 587 963 652 vt'
997 582 1189 675 habet
1228 587 1292 652 in
1337 585 1557 652 Mario
1607 584 1998 668 Plutarchus,
2047 591 2341 668 cumita-
2431 575 2451 588 ‘

291 689 443 782 liam
471 685 888 780 inuaderent,
941 681 1282 755 obscurum
1315 688 1620 754 Romanis
1656 709 1893 756 nomen
1930 709 2130 774 erant,
2162 705 2343 780 pt'ae·

293 809 582 880 terquam
616 789 828 880 »quod
871 790 1258 879 proceritate
1303 808 1657 880 corporum
1701 787 1807 860 ,et'
1859 789 2071 860 caefiis
2134 791 2339 860 oculis
2412 818 2417 846 ι

227 887 234 894 ’
295 891 741 961 Germanicam
783 888 1102 962 referrent
1162 887 1440 981 stirpem.
1594 892 1807 960 Serius
1848 889 1937 958 est
1981 894 2337 983 cognitum,

213 1067 222 1076 ,
291 992 672 1062 Teutonico
715 991 1034 1061 vocabulo
1075 991 1386 1072 latrones,
1418 991 1561 1060 -·seu
1580 995 1793 1084 potius
1824 993 2163 1064 bellatores
2207 995 2337 1062 dici
2426 1042 2439 1060 2
2551 991 2572 1000 “

292 1103 536 1188 atque
581 1116 616 1161 a
691 1090 1189 1184 septemtrionali
1274 1114 1525 1162 oceano
1604 1093 1978 1184 profeflos,
2076 1097 2337 1164 traiecto

291 1199 566 1279 Rheno,
613 1195 906 1286 Belgicae
951 1191 1012 1263 se
1055 1185 1396 1264 infudiffe
1381 1196 1691 1288 annisque
1716 1197 1963 1306 aliquot
1988 1197 2337 1269 incubuisse

289 1299 536 1368 Galliae
585 1298 962 1370 ceruicibus.
1115 1297 1216 1368 Ex
1263 1316 1400 1387 quo
1444 1297 1673 1368 factum
1712 1296 1849 1380 est,
1910 1319 1983 1370 vt
2013 1296 2333 1372 Sallustius

299 1399 520 1468 Gallos
563 1401 846 1482 diceret,
933 1395 1226 1466 aduersus
1271 1421 1439 1489 quos
1498 1421 1531 1468 a
1578 1401 1652 1469 L.
1698 1393 2167 1492 Caepionelet
2236 1401 2332 1471 M.

299 1501 549 1572 Manlio
593 1503 778 1573 Coss.
833 1499 996 1570 mal'e
1056 1521 1404 1591 pugnatum
1464 1497 1589 1570 fuit
1646 1523 1713 1572 et
1772 1503 2011 1574 Cicero
2048 1503 2132 1574 de
2186 1525 2337 1595 pro·

297 1606 524 1671 vinciis
571 1599 1001 1672 consularibus
1041 1596 1266 1670 bellum
1319 1602 1665 1686 Gauicum,
1715 1605 1899 1696 quod
1926 1629 1961 1674 a
2006 1606 2333 1674 C.'Mario

291 1703 659 1779 confec‘tum
688 1701 800 1804 est,
833 1704 1104 1772 Cimbris
1134 1705 1585 1793 Teutonisque
1619 1704 1828 1777 caess
1958 1709 2065 1777 Ab
2096 1707 2335 1776 Rheno

251 1893 269 1899 -
299 1825 652 1877 mouerunt
709 1806 774 1871 in
829 1808 1147 1875 Noricum
1207 1825 1274 1874 et
1331 1808 1410 1872 ad
1470 1803 1631 1876 fines
1692 1805 1979 1892 Illyricos
2043 1805 2341 1898 profeffi,

301 1914 368 1980 in
422 1909 644 1977 Carnis
695 1907 773 1974 ad
819 1909 1128 1988 Nou-eiam
1173 1909 1423 1983 vrbem
1456 1907 1819 1974 Carbonem
1863 1931 2007 1976 cum
2048 1911 2341 1978 exercitu

263 2010 621 2102 ,fuderunt
675 2029 868 2105 atque
944 2031 1062 2100 pet·
1117 2007 1459 2076 Heluetios
1506 2007 2023 2101 Allobrogasque
2092 2010 2341 2102 petiere

299 2109 610 2191 Galliam,
661 2112 876 2180 donec
919 2109 1290 2199 Hispaniam
1328 2112 1749 2204 attingerent,
1796 2111 1971 2180 vnde
2015 2135 2137 2202 per
2180 2111 2339 2184 Cel·

295 2216 546 2286 tiberos
589 2211 814 2305 repulli
857 2214 1310 2302 conibunc'tique
1353 2235 1501 2282 curn
1546 2215 1903 2294 Teutonis,
1975 2233 2157 2284 tanto
2206 2237 2336 2283 ma-

298 2320 428 2389 iori
491 2316 670 2385 clade
725 2316 1100 2383 adfecerunt
1167 2314 1435 2384 Galliam
1493 2336 1755 2385 omnem
1834 2338 2087 2408 praeter
2137 2318 2342 2407 Belgi-

305 2442 444 2491 cam
487 2440 554 2488 et
601 2418 698 2486 M.
747 2419 998 2487 lunium
1043 2418 1324 2485 Silanum
1369 2420 1525 2495 Coa.
1567 2418 2036 2508 oppresserunt.
2122 2421 2342 2498 „Hine

155 2517 162 2527 ’
241 2518 411 2591 'ille
481 2521 677 2591 turbo
754 2520 1080 2610 aliquanto
1155 2517 1300 2610 post
1359 2520 1697 2588 interuallo
1774 2520 2011 2589 ltaliam
2092 2520 2341 2591 inuasit.

151 2636 208 2651 ’“
303 2630 364 2692 Α
407 2624 620 2719 Mario
671 2618 788 2689 fufi
830 2622 1164 2713 fugatique
1213 2620 1495 2700 Cimbri,
1551 2622 1809 2689 traieuo
1834 2620 2109 2701 Rheno,
2158 2614 2374 2690 iux'ta*

302 2724 520 2817 Belgas
558 2720 1006 2793 consederunt.
1105 2724 1387 2813 Antiqua
1436 2742 1647 2791 autem
1699 2722 2113 2811 Cimbrorum
2158 2721 2338 2791 sedes

303 2826 418 2897 sub
470 2824 952 2940 septemtrione
987 2821 1272 2915 auspiciis
1331 2822 1603 2892 Caesaris
1648 2821 1915 2915 Augusti
1962 2843 2029 2898 et
2083 2824 2367 2893 Tiberii

193 2958 206 2965 ·
287 2926 583 3017 ,Caesaris
627 2924 715 2995 est
758 2924 1018 3017 cognita
1059 2945 1126 2997 et
1169 2948 1376 3017 paene
1416 2926 1605 2995 armis
1668 2928 1889 3015 petita.
2056 2928 2183 2995 Res
2227 2926 2347 2995 hae

307 3052 440 3101 tam
477 3024 858 3128 planissimae
887 3030 1100 3097 uastae
1148 3024 1285 3095 sunt
1339 3028 1555 3111 inanes
1618 3027 2071 3111 hariolatores',
2145 3030 2346 3097 Grae·
2376 3096 2406 3107 ,

307 3154 426 3205 cos
455 3120 786 3211 homines,
833 3132 942 3219 qui
979 3130 1366 3212 tumultum,
1418 3149 1607 3221 quam
1654 3132 1937 3210 Cimbri,
1998 3114 2351 3200 concinere

307 3236 647 3305 maiorem.
799 3232 928 3299 Ain
955 3232 1124 3323 apud
1179 3231 1579 3299 Plutarchum
1622 3228 2005 3301 Cimmerios
2044 3230 2257 3303 ferunt
2312 3252 2349 3305 a

258 3332 264 3337 ’
309 3334 558 3425 Scythis
617 3329 833 3425 pulsos
881 3354 1124 3421 partem
1191 3335 1254 3400 in
1313 3330 1559 3415 Aliam,
1660 3334 1993 3425 Lygdamo
2057 3336 2347 3425 quodam

313 3438 516 3518 duce,
563 3433 791 3529 (quem
843 3436 1230 3503 Herodotus
1267 3437 1560 3525 ignorat,
1610 3438 1843 3505 Strabo
1877 3456 1943 3502 et
1988 3435 2351 3505 Plutarchus

309 3538 378 3633 7)
421 3540 790 3625 nominant)
845 3533 1119 3615 effusos,
1167 3558 1410 3627 partem
1460 3536 1639 3606 aliam
1680 3556 1747 3605 et
1792 3543 2136 3620 maximam
2174 3535 2357 3604 belli-

311 3635 814 3730 cofiffimamque
855 3640 1260 3719 occidentem
1314 3642 1529 3707 versus
1570 3636 1816 3727 fugiss'e.
1968 3640 2163 3707 Ret‘ie
2196 3635 2355 3707 illud
2402 3663 2422 3684 0

315 3742 562 3824 adhuc,
617 3762 926 3831 quantum
956 3741 1215 3821 iudico,
1269 3737 1377 3807 nis
1357 3740 1593 3831 iquod
1624 3740 1841 3810 densas
1894 3759 1959 3808 et
2000 3736 2359 3829 profundas

313 3842 492 3915 filuas
544 3844 702 3911 vltra
749 3844 1150 3930 Hercyniam
1171 3841 1661 3921 incolentibus,
1724 3824 2175 3909 contractiores
2222 3840 2359 3909 dies

313 3946 902 4040 produeioresque
946 3946 1199 4026 aoeies,
1281 3946 1588 4013 Homero
1642 3944 1727 4013 de
1774 3944 2136 4014 Cimmeriis
2184 3964 2369 4012 tene·-
2392 3968 2401 3973 ·
2496 3950 2503 3957 ’

1333 4048 1359 4115 1
1810 4098 1826 4107 .
2186 4045 2362 4115 bris

403 4178 480 4257 7)
523 4168 730 4235 Strabo
761 4170 811 4233 f.
841 4188 938 4254 57.
965 4172 1316 4235 Plutarchus
1353 4070 1438 4233 5113.
1452 4170 1653 4235 Mario
1684 4166 1729 4231 f.
1760 4186 1887 4253 411.
