2826 4619
521 286 680 380 ‘516
779 274 786 284 “
957 292 1058 349 nt
1119 287 1509 353 rou-trava
1572 290 2129 379 savar-rioms

527 450 933 562 temporibus
977 459 1203 535 abfuit‘
1225 462 1328 544 is‚·
1373 462 1490 553 qui
1530 456 1637 532 sua
1678 471 1877 531 aetate
1918 462 2041 529 iam
2088 455 2623 529 consummatam

529 576 808 643 deorum
847 555 1171 637 historiam
1218 562 1515 643 haberet,
1576 584 1723 635 cum
1770 562 2133 632 econtrario
2188 562 2465 645 Troiani
2508 562 2619 631 iui

531 678 768 747 heroes
795 694 828 739 a
860 669 979 738 diis
1020 668 1255 761 geniti,
1303 686 1455 735 curn
1506 662 2034 737 semidiis¹adhuc
2076 660 2620 734 consuescerent.

397 825 406 837 ·
517 781 596 848 si
631 772 1014 863 Herodotus
1045 770 1186 862 plus
1207 764 1589 837 anaoritatis
1618 766 1847 847 habet,
1896 785 1971 835 νε
1998 766 2379 851 ‚Homerum
2412 768 2619 835 anuis

527 874 1015 972 quadringentis
1045 872 1300 943 duobus
1327 888 1406 941 et·
1427 868 1657 961 viginti
1686 866 1802 937 illo
1829 867 2139 937 maiorem
2169 864 2351 937 fuisse
2374 868 2621 937 credu-

527 1004 696 1063 mus‚
722 976 890 1069 haud
917 975 1114 1067 longe
1140 994 1174 1041 a
1199 969 1483 1043 Pisistrati
1512 989 1719 1041 aetate
1746 968 1863 1037 ille·
1876 969 2151 1038 calculus
2180 970 2331 1048 abir.
2430 950 2613 1040 Huc

528 1083 846 1161 accedit,·
891 1076 1076 1167 quod
1125 1074 1303 1145 Plato
1343 1072 1410 1142 in
1464 1070 1881 1165 Hipparcho·
1910 1073 2133 1153 tradit,
2214 1069 2611 1141 Pisistratum

509 1180 802 1256 ‘Athenis
843 1174 1215 1249 Homerum
1263 1172 1588 1243 inuexisse.
1693 1174 1840 1244 Nec
1878 1172 2141 1266 vspinm·
2176 1172 2324 1242 alibi
2370 1192 2609 1243 tamen

325 1242 332 1257 ⁵
389 1350 392 1361 .
526 1282 881 1359 memoriae
908 1279 998 1349 est
1027 1278 1376 1371 proditum,
1404 1285 1589 1347 'antea
1612 1272 1939 1355 exstitisse,
1988 1272 2099 1343 nisi
2130 1270 2305 1344 forte
2342 1274 2411 1343 in
2454 1278 2613 1346 Ae-

455 1424 458 1429 ·
507 1388 774 1482 'gypto‚
797 1402 869 1453 vt
893 1378 1244 1452 Eustathius
1274 1378 1525 1470 aliquos
1553 1374 1947 1449 comminisci
1976 1369 2286 1468 prodidit,
2308 1397 2417 1447 aut
2430 1379 2613 1447 Car-

507 1490 812 1579 ·thagine,
841 1484 951 1554 vbi
986 1483 1194 1552 Iliadis
1221 1482 1609 1574 principium
1646 1500 1714 1550 et
1746 1496 2035 1549 extrema
2062 1479 2409 1573 mediaque
2442 1482 2613 1549 Vir·

427 1604 432 1612 ’
519 1592 718 1685 gilius
746 1584 1043 1657 exstitisse
1084 1582 1291 1653 finxit.
1391 1582 1719 1650 Maximus
1760 1581 1997 1667 Tyrius
2030 1598 2109 1648 ·et
2148 1582 2609 1651 Lacedaemo-

517 1684 686 1762 *nem'
715 1710 782 1760 et
817 1690 1072 1758 Cretam
1114 1681 1258 1755 sero
1303 1681 1386 1753 ad
1424 1679 1793 1777 rhapsodias
1830 1681 1893 1752 se
1930 1680 2267 1756 contulisse
2306 1680 2609 1757 testatur.

525 1795 622 1868 Et·
643 1788 976 1867 Cretenses
1007 1806 1220 1857 tamen
1251 1806 1398 1855 ante
1438 1780 1809 1857 Pisistratum
1849 1804 2067 1853 rerum
2110 1784 2402 1869 domini,
2438 1806 2610 1858 om-

313 1966 318 1973 .
391 1934 398 1941 ·
524 1900 764 1987 uisque
788 1895 894 1982 (vt
919 1889 994 1975 fit
1009 1888 1073 1957 in
1100 1887 1417 1959 affluentia
1434 1884 1673 1978 opum)
1699 1884 2101 1956 humanitatis
2124 1884 2407 1957 fuerunt.
2448 1889 2611 1957 Ste-

503 1998 772 2094 'Phanus
805 1989 1100 2080 Dionyffl
1111 1990 1382 2061 Thracis
1407 1987 1729 2059 scholiasta
1760 1984 2125 2084 Pisistratum
2152 1986 2365 2059 scribit
2386 2011 2607 2081 gram-

521 2103 795 2171 maticos
823 2094 988 2163 duos
1030 2110 1101 2161 et
1139 2094 1465 2182 oaoginta
1508 2086 1894 2173 adhibuiss‘e,
1943 2091 2056 2181 qui
2102 2090 2385 2161 Homeri
2424 2111 2607 2184 poe-

523 2216 726 2284 mata,
778 2192 906 2262 liue
937 2195 1088 2283 igne
1128 2190 1256 2261 siue
1289 2210 1497 2261 terrae
1525 2186 1815 2259 motibus
1842 2210 2149 2284 corrupta
2173 2244 2193 2277 ,
2253 2190 2401 2262 solis
2442 2217 2601 2265 ver·

379 2345 390 2354 ·
507 2298 691 2373 „fibus
723 2294 895 2366 mille
927 2312 994 2364 et
1017 2290 1307 2362 ducentis
1329 2280 1637 2385 reliquis,
1678 2280 1989 2384 pleraque'
2034 2313 2123 2364 ex
2162 2296 2475 2367 memoria
2526 2298 2597 2367 iu

495 2415 728 2472 'vnum
760 2415 998 2489 corpus
1031 2393 1444 2488 colligarent:
1498 2390 1870 2463 Pisistratum
1912 2395 1978 2462 in
2024 2392 2307 2487 singulos
2348 2397 2595 2488 versus,

523 2504 644 2595 qui
676 2523 804 2595 pro
837 2497 1188 2590 deperditis
1213 2490 1696 2588 proferrentur,
1746 2491 2027 2587 {iugulos
2070 2519 2303 2569 numos
2338 2523 2595 2594 expeu-

523 2605 681 2675 diss'e
700 2657 722 2688 ,
767 2621 876 2684 ac,
923 2597 1162 2670 tametfi
1193 2600 1338 2691 quis
1361 2593 1675 2670 exstantes
1704 2597 1851 2668 alibi
1882 2595 2183 2685 adferret,
2198 2621 2417 2672 tamen
2438 2623 2597 2679 nou

523 2705 658 2786 sine
688 2703 976 2798 praemio
1005 2699 1256 2790 abiisse:
1295 2702 1380 2769 ita
1413 2700 1680 2792 quidem
1714 2700 2020 2782 accidisse,
2057 2721 2130 2773 vt
2154 2699 2257 2772 dis
2260 2705 2415 2775 ieci:
2446 2728 2601 2777 cru·

523 2809 758 2878 delitet
788 2805 1082 2876 membra
1105 2803 1600 2893 colligerentur,
1650 2821 1873 2871 verum
1902 2821 2115 2875 tamen
2140 2826 2211 2875 νε
2244 2807 2467 2897 aliqui,
2496 2808 2595 2877 al-

522 2911 670 2980 1εὲἰί
707 2905 1024 2979 mercedis
1078 2903 1458 2994 cupiditate,
1530 2901 1847 2995 quosdam
1908 2899 2292 2999 affingerent
2348 2906 2589 2998 versus,

523 3031 697 3102 quos
717 3005 1108 3100 grammatici
1135 3001 1197 3073 se
1230 3021 1457 3095 putant
1487 3024 1715 3076 omnes
1744 3006 1947 3076 obelo
1978 3007 2386 3095 transfixisse,
2442 3033 2589 3104 quo

504 3111 786 3208 xgenuini
815 3131 850 3178 a
889 3103 1048 3175 falsis
1073 3105 1621 3196 dignoscerentur.
1720 3107 2043 3188 Praeterea
2074 3109 2287 3181 scribit
2314 3109 2591 3184 Pifflira·

520 3233 664 3286 turn
693 3209 1250 3306 grammaticorum
1279 3223 1511 3301 operas
1538 3209 1623 3277 ita
1642 3205 2021 3298 disposuisse,
2065 3231 2137 3282 vt
2163 3236 2291 3306 pro
2317 3211 2379 3284 se
2400 3217 2591 3310 quis-

521 3331 657 3408 que
686 3317 932 3384 luxatos
959 3327 1193 3406 poetae
1217 3309 1431 3379 versus
1458 3311 1522 3377 in
1550 3309 1847 3381 ordinem
1880 3308 2255 3398 restitueret,
2295 3337 2587 3408 quorum

521 3417 816 3486 omnium
845 3411 1310 3484 accurationem
1338 3430 1406 3482 et
1434 3410 1749 3482 solertiam
1764 3409 2153 3487 Aristarchus
2168 3413 2591 3512 superauerit.

522 3519 714 3588 Haec
755 3513 1112 3606 Stephanus
1153 3513 1293 3593 ille,
1355 3533 1541 3583 vetus
1576 3515 1842 3606 quidem
1878 3535 2099 3599 autor,
2168 3517 2279 3590 sed
2320 3542 2472 3593 cum
2511 3523 2584 3594 in

523 3616 889 3689 Aristarcho
932 3631 1058 3685 tam
1109 3616 1555 3708 imprudenter
1607 3618 1875 3714 errauit,
1946 3620 2137 3689 etiam
2198 3623 2263 3690 in
2332 3623 2587 3718 reliqua

481 3741 494 3810 j
523 3721 888 3790 narratione
915 3719 1196 3797 Graecae
1225 3713 1376 3786 fidei
1405 3719 1945 3809 vituperationem
1974 3723 2087 3792 vix
2112 3720 2403 3816 effligier.
2500 3729 2587 3796 ln

524 3844 614 3892 eo
637 3843 859 3895 errore
885 3817 1272 3905 Eustarhium
1323 3821 1633 3890 comitem
1671 3819 1899 3901 habet,
1946 3824 1999 3890 is
2035 3841 2201 3895 vero
2244 3827 2418 3918 apud
2468 3851 2581 3900 me

524 3925 796 4014 exiguae
824 3918 1172 3992 autoritatis
1195 3915 1285 3989 'est
1303 3969 1322 4002 ,
1371 3917 1579 3991 homo
1614 3919 1912 4013 profecto
1942 3945 2173 4010 vanus,
2217 3949 2345 4022 nec
2368 3931 2477 4021 ita,
2504 3949 2583 4001 vr

317 4097 328 4106 ,
405 4029 410 4036 ’
521 4025 728 4118 vulgo
757 4021 985 4108 fertur,
1015 4021 1333 4104 eruditus.
1434 4028 1734 4152 Attamen
1764 4045 1901 4099 non
1930 4029 2149 4101 omnia
2166 4030 2581 4128 instephano

2394 4129 2581 4228 'sP'ffit
