2826 4619
1554 43 1567 76 l

652 253 1259 320 effraenatae-m·
1287 231 1729 354 ‘screares
1780 237 2371 344 vervs.1'57

337 457 408 510 et
435 456 582 508 cum
604 435 816 508 liberis
846 432 1032 528 stirpe
1061 424 1290 506 seruili.
1341 436 1398 520 3)
1432 434 1583 505 Sub
1594 429 1691 502 id
1676 447 1945 528 tempus
1981 429 2275 534 quoque
2278 441 2381 508 in-

344 561 441 610 ter
465 537 728 624 Scythas
763 537 1086 607 Nomadas
1124 555 1262 606 orta
1293 533 1638 616 seditione,
1684 541 1747 620 4)
1772 561 1949 626 parS,
2003 560 2169 630 quae
2200 527 2443 626 faciit·

341 643 576 712 onibus
618 659 750 710 erat
793 643 1031 730 impar,
1098 639 1162 706 in
1209 639 1499 708 Mediam
1542 633 1847 708 concellit
1894 640 1973 707 ad
2020 642 2378 729 Cyaxarem

341 765 591 836 regem.
691 743 749 811 Is
777 741 1032 830 Scythas
1076 739 1387 832 supplices
1420 741 1701 832 benigne
1752 743 2001 833 accepit
2040 763 2107 811 et
2150 746 2211 812 in
2255 746 2377 816 ho-

343 869 507 915 nore
567 843 818 924 habuit,
881 841 1210 936 filiumque
1255 843 1549 922 tradidit,
1629 859 1823 932 quem
1868 861 1934 912 et
1978 842 2264 934 sagittare
2312 867 2381 918 et

342 947 642 1034 Scythice
671 927 851 1040 loqui
882 947 1214 1016 docerent.
1319 945 1655 1014 interiecto
1681 965 2016 1035 tempore,
2048 969 2192 1015 curn
2226 949 2380 1044 Scy·
2422 1025 2429 1030 ,

343 1051 493 1120 thae
526 1067 825 1118 venatum
863 1051 1110 1116 exirent
1139 1069 1206 1117 et
1238 1066 1725 1135 nonnumquam
1770 1049 2041 1116 domum
2094 1050 2379 1120 rediren't
2412 1087 2423 1096 -

339 1153 594 1241 inanes,
643 1151 955 1238 Cyaxares
983 1147 1196 1242 aspere
1221 1169 1286 1218 et
1317 1171 1463 1219 cum
1492 1151 1877 1218 contumelia
1908 1151 2159 1218 veluti
2140 1171 2381 1247 inertes

341 1205 655 1321 trasiab'at.
749 1288 754 1292 ·
809 1253 1126 1320 Homines
1165 1249 1466 1320 libertatis
1514 1252 1701 1319 vnice
1746 1271 2053 1340 amantes1,
2105 1263 2245 1322 rem
2276 1255 2381 1346 ing-
2426 1269 2441 1276 ·

345 1355 606 1446 dignatis
645 1355 792 1432 rati,
857 1351 898 1419 li
931 1375 1054 1444 pro
1085 1355 1408 1448 mancipiis
1436 1353 1860 1436 haberentur,
1916 1365 2110 1422 vnum
2142 1359 2377 1448 puero*-

347 1477 529 1538 rum,
579 1477 746 1546 quos
780 1477 924 1523 cum
954 1453 1087 1523 filio
1119 1457 1283 1548 regis
1313 1451 1729 1524 instituendos
1769 1476 2177 1574 acceperant,
2244 1479 2381 1526 ma·
2412 1447 2422 1463 ¹

349 1561 542 1636 &ant
609 1579 1141 1649 apparatumque,
1227 1555 1425 1626 veluti
1465 1553 1765 1641 ferinam,
1808 1561 1945 1648 re'gi
1991 1561 2255 1627 mittunt
2310 1579 2379 1629 et

295 1661 298 1664 ’
346 1657 691 1732 constenfis
719 1661 898 1751 equis
932 1662 1010 1728 ad
1041 1660 1330 1748 Alyatten
1357 1655 1673 1778 supplices
1708 1659 2091 1754 profugiunt
2132 1659 2385 1731 Sardes.

352 1764 536 1857 Quos
568 1783 710 1830 cum
742 1761 1028 1850 Alyattes
1057 1762 1322 1855 Cyaxari
1358 1749 1607 1852 petenti
1651 1762 1899 1854 tradere
1945 1759 2182 1845 nollet,
2242 1761 2379 1832 bel-

351 1863 482 1934 lum
525 1882 740 1932 ortum
791 1863 942 1931 e-st'
924 1885 1088 1932 inter
1123 1863 1344 1950 Lydos
1391 1863 1797 1954 Medosque
1805 1885 1870 1934 et
1917 1867 2079 1930 varia
2118 1849 2381 1936 fortuna

349 1964 614 2058 gestum.
711 1968 946 2035 Sextus
986 1961 1151 2034 istius
1185 1965 1332 2034 be'lli
1361 1975 1559 2033 annus
1607 1978 1783 2050 erat,
1861 1984 2009 2032 cum
2048 1966 2112 2030 in
2156 1965 2381 2036 medio
2494 2046 2506 2058 .

347 2070 680 2160 vti-iusque
724 2068 1041 2158 exercitus
1091 2065 1470 2148 certamine,
1534 2063 1715 2136 caelo
1758 2063 2018 2150 sereno,
2058 2063 2383 2137 obscurata

335 2169 472 2268 ,lux
499 2167 619 2251 est,
665 2165 810 2238 luna
839 2168 948 2238 sub
977 2169 1202 2238 orbem
1232 2167 1378 2237 solis
1403 2167 1733 2239 subeunte.
1877 2171 2099 2251 lones,
2160 2172 2275 2259 qui
2317 2171 2387 2238 in

356 2266 650 2343 exercitu
676 2273 938 2361 Alyattis
971 2273 1358 2367 militabant,
1388 2273 1459 2342 id
1486 2277 1570 2341 eo
1597 2291 1895 2363 tempore
1928 2268 2208 2367 futurum
2247 2291 2387 2345 me-

355 2370 704 2443 mi'nermit.
753 2377 1158 2466 praedixerat⁸
1201 2326 1371 2444 eniri]
1433 2378 1524 2443 eis
1590 2370 2019 2465 caufl'amque
2038 2376 2129 2441 rei
2164 2365 2388 2465 expli·

352 2484 570 2545 cue'rat
600 2477 832 2546 Thales
863 2457 1070 2545 Miles
1053 2500 1167 2543 us
1273 2476 1433 2561 Lydi
1480 2496 1689 2545 autem
1732 2476 2047 2567 Medique
2106 2474 2389 2545 conster-

284 2627 293 2633 ·
351 2581 478 2649 nati
511 2581 605 2647 ob
637 2563 1007 2670 repentinae
1037 2579 1232 2645 noctis
1267 2578 1670 2667 prodigium,
1724 2598 1855 2645 non
1884 2578 2089 2643 modo
2120 2600 2153 2645 a
2202 2598 2382 2668 prae-

329 2680 440 2749 'lio
473 2676 809 2759 Wabfistunt
859 2700 1076 2747 verum
1111 2680 1296 2749 etiam
1339 2678 1424 2747 de
1456 2681 1621 2765 pacis
1666 2660 2148 2747 conditionibus
2191 2696 2387 2767 agunt

349 2796 417 2852 et
447 2782 676 2853 foedus
707 2780 944 2850 faciunt
963 2831 980 2862 ,
1009 2778 1302 2868 ςγεηεηίῐ
1337 2780 1538 2849 Cilice
1574 2800 1641 2848 et
1664 2780 1998 2867 Labyneto
2028 2778 2383 2875 Babylonio

308 2951 316 2957 ,
349 2886 618 2955 arbitris.
719 2882 1088 2952 Firmandae
1128 2885 1294 2974 pacis
1325 2880 1519 2949 caussa
1550 2884 1837 2969 Alyattes
1878 2882 2137 2949 Arienin
2188 2874 2384 2949 filiam

331 2980 608 3081 ‘Astyagi
643 2986 940 3073 Cyaxaris
971 2983 1108 3053 filio
1156 2978 1519 3075 despondit.
1622 2986 1689 3054 ld
1725 2980 2074 3101 praelium
2058 3004 2219 3049 intra
2248 2986 2388 3051 Ha-

347 3090 458 3187 lyn
493 3088 888 3158 commissum
914 3086 1202 3166 videtur,
1253 3106 1400 3153 cum
1437 3086 1749 3173 Cyaxares
1790 3086 2053 3153 omnem
2100 3080 2393 3176 superio-

353 3214 494 3263 rem
539 3188 742 3259 Aliam
783 3207 1062 3269 teneret,
1107 3187 1388 3274 Alyattes
1433 3210 1592 3265 vero
1624 3190 1794 3257 intra
1828 3188 2091 3285 Halyn,
2141 3208 2207 3255 et
2249 3186 2385 3255 satis
2494 3255 2515 3263 ,

331 3298 592 3387 ‘magno
624 3291 958 3359 interuallo
988 3290 1066 3359 ab
1105 3287 1216 3355 illo
1251 3286 1551 3366 flumine,
1604 3312 1767 3379 opes
1818 3288 1949 3358 suas
1994 3286 2387 3370 terminaret,
2480 3346 2501 3358 .

355 3417 427 3465 vt
456 3390 813 3465 verofimile
853 3389 897 3461 s
903 3412 926 3459 t
958 3392 1022 3457 in
1053 3386 1333 3459 finitimis
1364 3393 1691 3481 vtriusque
1740 3393 1921 3507 regni
1949 3392 2115 3480 agris
2149 3389 2390 3461 bellum

325 3485 480 3567 ‘effe
520 3490 800 3593 gestum,
853 3493 1019 3562 varia
1065 3490 1323 3571 fortuna
1368 3512 1435 3562 et
1472 3512 1733 3587 aequata
1781 3494 2111 3583 vtriusque
2158 3489 2391 3583 populi

241 3636 246 3641 -
405 3601 668 3703 utentia.

331 3622 400 3723 Ῥ
585 3702 769 3768 Haec
819 3696 956 3767 sunt
995 3714 1318 3765 momenta
1369 3694 1451 3763 ad
1490 3642 1843 3783 Scythicam
1896 3690 2395 3781 chronologwm

291 3850 316 3875 .
345 3798 897 3935 constituendam,
945 3798 1172 3891 quibus
1201 3818 1270 3867 vt
1301 3800 1470 3867 reete
1500 3816 1660 3892 vtar,
1691 3788 2135 3865 successionem
2168 3816 2394 3884 regum

861 3932 892 3945 ..
1880 3916 1889 3927 ·
2245 3898 2398 3967 Me·

438 4050 500 4134 3)
539 4046 959 4122 Herodotusl.
991 4042 1995 4131 tv.c.1‚1fistinus1.11.c.3.5.
2144 4034 2394 4129 Ᾰ)Ηε-

517 4132 767 4195 rodotus
808 4132 852 4193 1
878 4130 928 4194 1.
967 4144 1020 4195 t
1051 4148 1144 4215 73.
1237 4138 1246 4151 ’
2172 4134 2181 4148 '
