2826 4619
439 306 444 315 -
531 242 693 349 5'2'2'
772 246 1887 335 naronnnvs‘znvn-nrxokrs
1926 269 2031 324 ιετ
2072 258 2213 327 sn.
2242 270 2367 327 etc.

683 366 698 377 ‘
1510 358 1548 394 ἡ

445 498 456 507 ·
523 493 668 543 rum
699 467 1068 580 sermonum
1087 523 1106 560 ,
1157 471 1270 566 qui
1315 472 1557 550 circum
1602 469 1665 545 se
1720 473 2117 552 iacerentur,
2185 489 2255 542 et
2300 490 2446 543 cum
2486 490 2625 541 eos

521 566 982 667 cognouiss'et,
1016 598 1188 651 nunc
1219 572 1285 647 se
1321 596 1537 669 aequo
1568 576 1790 645 animo
1820 576 2026 678 mori,
2074 576 2271 645 inter
2281 570 2619 667 postrema

381 686 386 693 “
464 672 472 677 ’
505 666 770 749 dixisse.
877 662 1181 749 Exularet
1209 674 1512 771 profefio
1556 676 1782 747 inertia
1822 660 1909 745 ab
1949 676 2287 745 hominum
2340 696 2619 769 genere,

405 792 410 799 ’
517 776 564 851 fi
597 801 681 848 eo
731 778 950 849 animo
983 782 1180 851 vitam
1211 782 1767 875 ingrederemur,
1783 798 1921 871 quo
1968 778 2019 846 is
2063 778 2351 878 reliquit.
2466 778 2617 847 Sed

509 883 662 975 quis
691 881 913 951 credat
941 902 1382 975 paupertatem
1412 902 1514 955 tot
1540 880 2041 975 excellentium
2023 882 2434 973 ingeniorum
2461 900 2614 949 ma·

415 988 418 993 ’
511 981 766 1077 gistram
796 978 1130 1055 exstitiss‘e?
1178 986 1284 1056 Sic
1315 986 1689 1057 iudicabunt
1738 1003 1949 1054 tamen
1990 995 2259 1069 omnes,
2313 982 2428 1075 qui
2474 984 2613 1051 im·

509 1083 782 1178 politam
813 1082 949 1157 fibi
959 1064 1233 1183 egestate
1267 1084 1535 1161 sentient
1567 1078 1793 1157 necess'
1774 1104 1992 1156 tatem
2024 1085 2105 1154 ad
2131 1086 2433 1154 virtutem
2463 1082 2610 1153 ho-

507 1184 863 1307 nesta-sque·
873 1209 1038 1261 artes
1067 1191 1406 1276 colendas,
1458 1188 1587 1259 fine
1616 1188 1888 1293 quibus
1872 1212 1940 1257 m
1970 1184 2263 1257 sordibus
2302 1206 2370 1255 et
2412 1182 2611 1277 squa-

505 1286 695 1361 lore
680 1293 867 1382 inopi
903 1292 1257 1362 viuendum
1289 1284 1416 1363 esse
1451 1292 1737 1383 adparet.
1838 1292 1919 1359 Et
1948 1276 2098 1361 cum
2120 1310 2280 1383 opes
2310 1289 2389 1357 ad
2416 1288 2605 1359 alen-

395 1388 408 1397 ’
504 1390 630 1462 das
658 1395 1108 1501 amandasque
1149 1414 1316 1465 artes
1355 1386 1613 1479 valent,
1680 1414 1817 1465 tum
1860 1390 1938 1462 ad
1982 1390 2435 1485 percipiendas
2475 1410 2607 1461 co-

502 1490 1054 1592 gnoscendasque
1069 1517 1409 1591 paupertas
1449 1493 1735 1589 praestat.
1838 1492 1939 1563 Sic
1974 1487 2413 1564 Theocritus
2391 1512 2457 1561 in
2488 1492 2611 1585 pi-

499 1592 854 1668 stateribus
873 1652 894 1684 ‚
944 1598 988 1668 οἱ
1013 1596 1241 1681 πενία,
1295 1592 1671 1688 Διὸᾦαντε,
1714 1590 1875 1689 μῦνσι
1905 1590 2029 1676 τοὶς
2052 1592 2305 1683 τέχναι·
2340 1588 2597 1689 ἐγείρει,

381 1746 388 1753 ·
496 1692 676 1771 ἆυταέ
717 1728 817 1769 τω
863 1695 1131 1794 μόχδοιο
1189 1695 1603 1784 διδάσκαλος,
1654 1698 1840 1791 quod
1886 1698 1996 1767 ille
2040 1720 2072 1766 a
2131 1700 2440 1790 Diogene
2486 1697 2616 1765 81--

497 1800 770 1895 nopenfi
753 1804 1108 1899 naccepisl'e
1132 1803 1430 1887 videtur,
1478 1805 1593 1895 qui
1627 1799 1811 1894 saepe
1844 1798 1911 1869 id
1942 1798 2229 1870 diuum
2210 1822 2277 1867 ιιι
2310 1800 2428 1869 ore
2460 1794 2597 1882 ,ha-

495 1902 663 1977 buit.
749 1904 1208 1999 Aristophanes
1236 1906 1429 1978 etiam
1454 1906 1521 1974 in
1557 1902 1734 1975 scena
1761 1900 2251 1972 Atheniensibus
2284 1898 2401 1969 suis
2428 1920 2593 1993 pau-

395 2016 413 2038 *
491 2008 760 2101 pereatis
793 2010 1017 2079 merita
1067 2007 1427 2095 ostentauit.
1529 2012 1779 2079 Paucos
1818 2002 1908 2077 sui
1934 2002 2170 2075 fimiles
2214 2020 2322 2072 aut
2354 2004 2589 2074 Crates

491 2104 882 2191 Thebanus,
927 2130 1034 2180 aut
1067 2114 1488 2196 Democritus
1514 2128 1621 2181 aut
1644 2111 1827 2179 Zeno
1856 2127 1963 2188 aut
2004 2096 2418 2199 Anaxagoras
2466 2102 2587 2175 ha·

489 2208 732 2289 buere,
780 2229 1064 2299 quorum
1092 2230 1221 2279 tam
1257 2210 1493 2279 nobilis
1520 2211 1766 2295 animus
1796 2212 1861 2277 in
1891 2207 2208 2279 affluentia
2243 2228 2447 2304 opum
2482 2204 2588 2280 es·

485 2304 602 2403 set,
645 2328 717 2380 vt
755 2308 856 2380 his
883 2332 1140 2446 carere?
1193 2333 1387 2408 quam
1420 2285 1722 2406 impediri
1752 2313 2036 2386 mallent.

684 2514 1026 2611 ,Abripuit
1087 2539 1196 2590 me
1256 2514 1745 2610 propemodum
1809 2491 2022 2585 sermo
2066 2448 2145 2583 ad
2202 2507 2581 2586 scholaset

478 2613 756 2693 cuculos
800 2640 868 2691 et
913 2622 1211 2692 conuiuia
1265 2622 1670 2690 Graecorum
1718 2638 2060 2709 ceteraque
2104 2615 2579 2688 excellentium

475 2719 892 2838 ingeniorum
926 2721 1326 2808 adiumenta,
1379 2719 1492 2790 nili
1538 2740 1647 2792 me
1684 2721 1763 2789 ab
1808 2717 1949 2812 ipso
1994 2720 2181 2788 cursu
2221 2736 2577 2791 reuocaret

469 2841 649 2904 certa
693 2825 858 2892 ratio
902 2824 1262 2907 breuitatis,
1309 2843 1501 2938 quam
1541 2822 1839 2890 dudum
1822 2843 1942 2890 nam
1977 2819 2248 2912 migrare
2281 2843 2387 2896 me
2418 2817 2572 2890 sen-

471 2923 597 2995 tio,
689 2926 832 2994 -lua
875 2949 1040 2996 vero
1087 2923 1243 2997 subs
1250 2925 1348 2991 dm
1379 2927 1607 2996 artium
1654 2923 1787 2993 aliis
1817 2922 2169 3004 differenda
2214 2921 2569 3017 relinquo·

470 3007 633 3094 inihi
683 3011 1136 3118 opportunum
1182 3045 1356 3096 nunc
1396 3023 1522 3096 fuit
1570 3023 1786 3097 fontes
1846 3028 2057 3110 omnis
2104 3021 2446 3116 sapientiae
2492 3043 2572 3096 et

299 3098 306 3119 ⁸
397 3133 421 3204 Γ
469 3111 855 3200 ertulitionis
909 3130 1193 3200 Graecae
1253 3127 1537 3219 aperire,
1605 3147 1679 3197 vt
1730 3128 2075 3219 populares
2122 3127 2250 3194 mei
2295 3147 2569 3197 mecum

468 3233 802 3321 cogitent,
869 3231 1046 3303 vnde
1092 3231 1434 3301 labantium
1480 3229 1651 3321 apud
1694 3251 1817 3298 nos
1858 3229 2183 3300 literarum
2236 3225 2567 3300 restitutio

465 3333 835 3424 petendas
794 3329 836 3400 s
841 3354 886 3403 t
1034 3337 1382 3445 Quantum
1410 3329 1622 3405 nostra
1674 3333 1803 3399 vita
1864 3334 1945 3402 ab
1998 3331 2257 3402 illorum
2299 3327 2563 3403 iudicio

465 3435 752 3524 aberrat,
813 3439 1192 3514 tantundem
1233 3457 1302 3510 et
1345 3430 1620 3510 stafilum
1659 3429 2015 3530 discrepare
2054 3455 2191 3505 non
2219 3433 2451 3507 miror.

1442 3935 1447 3942 ’
1464 3938 1523 3996 ὓ

2430 4151 2547 4236 ¹³2.
