2826 4619
442 225 592 314 ης
1011 224 1120 279 ne
1177 223 1412 278 nvno
1476 209 1903 282 cavente.

445 391 741 466 Viisenio
779 389 878 481 ¹0)
911 390 1145 462 retulit.
1243 391 1390 462 Nec
1416 409 1658 462 tantum
1690 390 1945 464 eduens
1972 412 2013 462 e
2040 385 2193 462 saxo
2224 387 2487 474 domos,
2528 405 2571 436 ‘⁸

443 487 554 566 sed
594 491 800 564 stratas
849 514 1120 589 quoque
1141 493 1378 588 ,lapide
1420 495 1577 564 vias.
1722 487 1939 564 Haud
1973 492 2173 585 longe
2214 515 2247 562 a
2294 515 2487 572 muro

449 597 672 668 Sinico
703 593 929 672 rudera
959 596 1396 675 *columnae
1450 593 1864 688 lapideaeque
1908 613 2112 666 turres
2158 595 2489 687 adparent.

449 698 636 770 Haec
663 695 904 790 oppida
940 695 1379 766 Alexandrum
1422 695 1715 786 euertiffe
1762 694 2165 789 Magalenses
2211 699 2493 787 opinan-

454 817 582 872 tur.
681 799 814 868 At
800 821 862 868 ιιι
897 798 1012 868 alm
1025 795 1384 889 Mugalens
1363 820 1497 868 um
1522 796 1919 886 desertorum
1944 800 2215 891 regione
2248 794 2305 889 ¹)
2339 801 2493 870 vrbs

308 928 316 938 ·
451 899 544 974 est
581 901 708 991 Itu·
729 898 1042 971 Bur-chan
1072 901 1291 973 Koton
1338 896 1445 1012 sep
1488 899 1979 1000 Trimingzing,
2028 898 2333 987 (Rutheni
2366 901 2495 968 Bo

431 1007 700 1104 ‘gntirss
749 1003 880 1072 hoc
921 997 1042 1082 est,
1095 997 1358 1070 heroum
1406 997 1629 1071 vrbem
1670 1015 1935 1088 vocant}
1983 1024 2125 1072 eam
2162 1019 2493 1072 autumant

341 1170 366 1180 -
455 1108 682 1175 vrbem
721 1103 1156 1176 Alexandrum
1183 1101 1563 1175 condidisse.
1682 1106 1811 1187 At,
1855 1126 1929 1173 vt
1964 1103 2245 1175 diximus
2296 1099 2495 1196 supra,

452 1205 556 1277 alii
590 1205 1042 1276 Alexandriam
1078 1226 1218 1276 eam
1248 1225 1505 1296 ponunt
1542 1205 1622 1276 ad
1658 1205 1876 1298 Caspia
1916 1203 2209 1292 claustra,
2248 1201 2497 1276 rursum

455 1308 559 1378 alii
592 1309 669 1377 ad
707 1303 1046 1392 Caucasea,
1093 1307 1216 1377 vbi
1235 1307 1454 1378 adhuc
1498 1309 1778 1380 nominis
1824 1308 1988 1378 illius
2028 1307 2349 1402 oppidum
2387 1302 2498 1377 est.

455 1411 652 1489 Non,
707 1431 844 1500 quo
886 1409 964 1478 ab
1023 1407 1402 1480 Alexandro
1448 1407 1785 1480 conditum
1848 1430 2105 1500 putem,
2168 1406 2277 1480 sed
2314 1408 2501 1501 quod

458 1510 570 1582 seu
604 1533 843 1580 nomen
876 1513 1008 1581 eius
1041 1511 1105 1579 in
1147 1513 1329 1580 omni
1357 1508 1495 1596 fere
1524 1508 1660 1580 Alia
1692 1506 1961 1599 illustre,
2004 1507 2371 1607 impolitum
2413 1507 2505 1578 est

457 1613 724 1686 vrbibus
753 1617 938 1681 etiam
973 1610 1309 1706 posteriori
1339 1631 1641 1720 tempore
1668 1613 1985 1696 conditis,
2038 1613 2147 1681 seu
2174 1611 2357 1704 quod
2400 1611 2504 1682 alii

461 1715 790 1810 principes
822 1713 1060 1786 eodem
1093 1715 1401 1800 nomine,
1431 1700 1641 1784 vrbes
1672 1737 1707 1786 a
1744 1712 1807 1784 se
1840 1701 2167 1798 conditas,
2216 1735 2251 1784 a
2279 1708 2341 1783 se
2378 1709 2507 1784 dici

460 1817 756 1889 voluere.
905 1815 1110 1889 Fuel‘e
1153 1835 1368 1890 autem
1415 1817 1485 1886 in
1522 1817 1811 1911 Georgia
1835 1838 1903 1888 et
1935 1814 2281 1911 Mingrelia
2320 1813 2510 1888 multi

451 1920 786 2020 principes
831 1917 1213 1991 Alexandri.

1267 2049 1296 2092 Χ

685 2123 972 2217 Quaeret
1018 2143 1194 2191 nunc
1236 2122 1611 2212 quisquam,
1654 2116 1853 2228 qu'etn
1906 2143 2039 2214 ego
2093 2121 2513 2194 conditorem

457 2221 628 2294 muri
661 2223 848 2292 huius
875 2218 1056 2294 fuiss'e
1081 2219 1410 2292 censeam?
1444 2223 1584 2315 Ego
1612 2244 1773 2293 vero
1804 2221 2042 2290 vtinam
2065 2243 2207 2292 vera
2238 2225 2321 2294 ita
2356 2247 2517 2294 con-

455 2320 712 2395 firmare
740 2306 1008 2434 poffim,
1059 2332 1252 2419 quam
1283 2322 1469 2393 facile
1500 2327 1696 2396 aliena
1730 2348 1775 2403 a
1813 2322 1944 2395 fide
1976 2320 2282 2396 destruxi.
2382 2324 2515 2396 Sed
2638 2352 2649 2365 ·

395 2466 403 2495 ;
461 2426 531 2495 in
567 2446 696 2495 tam
739 2412 1006 2496 obscu'ra
1056 2447 1124 2497 et
1171 2429 1563 2522 incorruptis
1608 2425 2043 2495 monumentis
2090 2422 2380 2494 destituta
2422 2446 2519 2508 re,

459 2526 679 2599 malim
726 2528 1102 2600 conuellere
1141 2528 1531 2623 popularem
1580 2528 1999 2621 opinionem,
2062 2548 2255 2617 quam
2304 2544 2517 2597 meam

465 2626 765 2707 inserere.
868 2632 934 2702 Si
971 2634 1119 2725 quis
1151 2632 1392 2701 Medos
1419 2634 1621 2721 prima
1664 2625 2073 2698 fundamenta
2101 2626 2518 2700 claustrorum

359 2730 392 2765 ⁸
462 2730 677 2803 ieciffe
703 2752 1007 2816 autumat,
1044 2754 1176 2824 ego
1213 2756 1346 2801 non
1383 2730 1743 2815 intercedo.
1846 2729 2035 2799 Nulli
2052 2733 2227 2802 enirn
2259 2730 2517 2825 populo

365 2867 370 2876 ·
427 2830 838 2904 'toncess'ere
867 2835 934 2903 in
988 2830 1346 2924 magnificis
1385 2830 1849 2923 sumtuofisque
1880 2834 2215 2921 operibus.
2292 2832 2521 2903 Haud

466 2932 698 3027 procul
732 2956 764 3001 a
795 2932 1122 3023 Babylone
1143 2930 1349 3004 abfuit
1386 2930 1467 3003 τδ
1514 2929 1781 3015 Μηδείας
1816 2940 2039 3021 τεῖχος
2074 2930 2337 3003 Mediae
2381 2955 2525 3003 mu·

449 3048 584 3121 ‚rus
619 3032 954 3105 latitudine
982 3034 1119 3105 XX.
1153 3034 1419 3127 pedum,
1463 3035 1801 3104 altitudine
1832 3036 1911 3105 C.
1943 3034 2350 3127 longitudine
2380 3038 2523 3111 XX.

465 3130 986 3229 parasangarum,
1047 3154 1481 3225 totus·opere
1524 3137 1819 3207 lateritio.
1872 3141 1933 3221 ²)
1986 3138 2079 3207 At
2146 3136 2413 3208 Lat-iffae
2456 3154 2527 3208 et

465 3230 897 3327 Mespilotum
927 3235 1158 3307 rudera
1187 3237 1617 3329 Xenophonti
1644 3235 1803 3321 visa,
1832 3237 1936 3308 illa
1969 3240 2047 3309 C.
2070 3237 2335 3331 pedum,
2366 3237 2526 3309 haec

440 3337 547 3409 ·1...
593 3335 835 3429 pedum
883 3337 1256 3424 altitudine,
1347 3336 1839 3410 fundamentum
1884 3337 2276 3411 ostentarunt
2332 3340 2526 3411 λίθου

466 3436 644 3533 ξενον
679 3434 1145 3527 κογχυλιάτου,
1175 3458 1250 3512 vt
1283 3441 1350 3509 in
1383 3440 1516 3511 hoc
1546 3464 1736 3513 muro
1764 3438 2105 3521 Caucaseo.
2207 3444 2417 3535 Super
2438 3464 2529 3513 eo

467 3538 897 3669 fundamento
935 3540 1240 3613 lateritius
1287 3564 1509 3615 murus
1542 3540 1716 3617 fuit.
1782 3540 1841 3638 3)
1894 3544 2094 3615 Forte
2158 3544 2237 3614 ab
2308 3544 2528 3629 Medis

2150 3704 2155 3709 .
2256 3666 2531 3739 quoque

548 3832 662 3907 ιο)
735 3832 876 3897 Nic.
925 3826 1247 3895 Vitl‘enius
1295 3834 1362 3897 in
1393 3834 1701 3899 Tartar-iae
1750 3830 2189 3913 descriptione.
2234 3828 2441 3896 Nom(
2463 3844 2534 3889 en

639 3914 1112 4077 &tm
1139 3918 1613 4089 taff
1644 3916 2229 4083 {term
2259 3912 2539 4079 εςςεις

643 4076 1148 4169 Cytikssmcsff·
1305 4084 1893 4173 )1b1.111.e⁴
