2826 4619
2209 63 2220 98 l

768 266 1494 343 Αο,ΑιεκΑΝοιι’νΜ
1554 245 1934 334 ‘Macuvm
2107 287 2157 354 s
2223 282 2362 356 191

317 443 565 517 'xe‘mm
590 463 657 515 et
684 441 947 515 herbam
977 467 1330 538 corrupere
1366 467 1652 516 omnem.
1757 439 1977 517 Persae
2009 437 2220 520 totum
2254 473 2373 520 no·

324 571 483 619 men
512 547 878 636 scythicum
911 548 977 615 in
1004 550 1385 640 propinquo
1413 548 1536 617 effe
1559 545 1710 628 rati,
1758 569 1843 616 eo
1871 547 2040 640 ligna
2081 549 2182 620 sua
2223 575 2372 624 vet·-

326 669 477 720 tunt
504 669 571 720 et
596 652 803 720 modo
846 649 1330 740 obequitantes,
1382 649 1589 718 modo
1623 649 2009 742 recipientes
2048 650 2109 720 se
2161 651 2369 745 perse·

228 795 245 820 .
328 771 621 842 quuntur
659 774 873 844 vsque
914 753 993 820 ad
1030 753 1328 820 Tanaim.
1390 782 1405 796 ·
1483 751 1580 820 Eo
1623 773 1894 844 quoque
1947 755 2208 823 traiedlo
2229 759 2365 874 „in

326 859 730 926 Sauromatas
761 875 830 922 et
863 849 1148 922 Budinos
1174 849 1498 926 flexerunt
1526 851 1776 936 Perlae,
1828 875 2022 972 capto
2067 857 2129 923 in
2177 805 2369 926 Budi'-

212 953 219 958 ’
326 955 425 1024 nis
456 953 708 1027 castello
738 945 994 1047 lignee,
1038 951 1145 1021 sed
1178 977 1382 1024 vacuo
1409 975 1476 1024 et
1507 951 1794 1036 deserto,
1845 957 2003 1025 vbi
1988 981 2052 1024 tn
2087 955 2371 1028 solitudi-

328 1077 479 1128 nem
536 1075 1007 1151 peruenerunt‚
1076 1053 1297 1128 frustra
1361 1053 1434 1125 se
1479 1053 1656 1150 sequi
1708 1057 1970 1145 Scythas
2029 1057 2390 1150 senserunt.-

325 1161 530 1250 Igitur
556 1163 632 1229 ad
665 1163 908 1233 Oarurn
938 1157 1211 1230 fluuium
1234 1158 1476 1232 Dariue
1497 1161 1646 1230 0610
1675 1161 1956 1252 ingentia
1985 1161 2246 1246 castella,
2278 1161 2374 1232 se·

306 1262 586 1353 ’xaginta
618 1265 786 1331 inter
826 1259 888 1329 se
929 1259 1271 1332 stadiorum
1312 1263 1690 1344 interuallo,
1740 1263 2042 1347 molitus,
2087 1286 2370 1356 quorum

250 1365 261 1381 ⁰
320 1365 550 1434 rudera
582 1361 933 1433 Herodoti
940 1381 1143 1433 aetate
1178 1361 1534 1448 exstabant,
1585 1365 1848 1450 Scythas
1892 1355 2053 1434 elabi
2108 1367 2370 1459 patitur.
2395 1385 2402 1394 ·

325 1465 425 1534 Illi
454 1487 617 1534 vero
649 1489 766 1558 per
793 1465 1149 1559 luperiores
1192 1470 1494 1560 regiones
1536 1469 1599 1534 in
1629 1469 1950 1554 Scythiam
2003 1469 2082 1537 ad
2129 1472 2371 1540 maiora

328 1563 519 1638 castra
554 1567 781 1662 populi
828 1563 914 1636 sui
950 1565 1010 1640 se
1047 1589 1456 1663 receperunt.
1559 1569 1812 1652 Derim,
1856 1592 2000 1640 cum
2034 1570 2111 1639 ab
2141 1561 2405 1666 occasu⁸

324 1667 393 1740 se
435 1667 846 1739 ostenderent
884 1669 1199 1758 Scythae,
1262 1667 1474 1738 relifila
1537 1667 1933 1738 castellorum
1993 1673 2377 1743 exaedifica-

135 1751 146 1766 ⁸
256 1797 271 1812 ,
326 1773 548 1854 tione,
596 1773 837 1842 eodem
877 1769 937 1837 se
970 1773 1185 1840 vertit.
1286 1771 1558 1858 Scythae
1587 1773 1698 1840 vbi
1733 1790 1882 1840 toto
1913 1774 2021 1840 die
2064 1771 2377 1846 elufill'ent
2419 1839 2426 1846 .

325 1867 581 1952 Persas,
630 1895 779 1940 cum
836 1871 1115 1938 tumultu
1160 1869 1221 1940 se
1275 1873 1353 1937 ad
1407 1867 1935 1952 Melanchlaenos
1999 1871 2372 1958 conferunt,

330 1973 570 2042 eodem
618 1995 657 2039 e
695 1967 965 2062 vestigio
1008 1968 1245 2042 Persae.
1394 1973 1556 2041 Hoc
1599 1973 1859 2066 ancipiti
1915 1973 2086 2054 malo
2127 1975 2382 2046 Melan-

328 2073 581 2147 chlaeni
613 2074 847 2142 cedere
876 2075 1109 2156 coafli,
1148 2096 1297 2144 cum
1326 2073 1574 2163 Scythis
1613 2071 1672 2144 se
1705 2073 1990 2153 inferunt
2017 2079 2080 2144 in
2111 2077 2380 2148 Andro-

327 2173 693 2268 phagorum
740 2176 1109 2265 regionem,
1158 2196 1352 2269 atque
1392 2177 1548 2247 inde
1603 2199 1748 2247 cum
1785 2177 2248 2272 Androphagis
2291 2181 2374 2253 ad
2497 2195 2504 2202 ’

234 2322 241 2335 ·
326 2279 591 2351 Neuros
633 2298 919 2371 quoque.
944 2277 1263 2351 secedunt.
1384 2281 1542 2351 'lam
1595 2277 1807 2351 omnis
1845 2281 1946 2351 illa
1993 2281 2368 2371 multitudo,

325 2378 735 2472 sequentibus
770 2378 999 2463 Perlis,
1052 2376 1442 2475 Agathyrsos
1474 2388 1745 2474 qu'oque
1773 2388 2162 2455 concitatum
2209 2409 2364 2471 erat,

328 2506 482 2555 cum
516 2480 849 2573 Agathyrli
892 2485 1263 2570 Scyth-urum
1310 2483 1485 2553 cons
1493 2488 1568 2550 lia
1605 2482 2034 2573 intelligentes
2071 2484 2366 2558 fecialem

214 2658 221 2666 ,
324 2582 781 2679 praemittunt,
832 2582 993 2674 ipfi
978 2610 1041 2654 tn
1076 2582 1305 2654 finibus
1335 2603 1686 2658 occurrunt
1727 2588 1970 2655 armati.
2087 2586 2367 2659 Societa-

322 2708 456 2755 tem
486 2710 623 2757 non
668 2686 939 2777 amplius
980 2682 1474 2758 abnuebant’xs
1481 2710 1519 2753 n
1565 2685 1798 2755 eodem
1843 2684 2050 2755 modo
2091 2689 2367 2791 Scythae

292 2780 477 2870 'suas
486 2806 681 2861 terras
706 2784 984 2859 tumultu
1024 2787 1514 2883 permiscerent,
1566 2791 1761 2880 parati
1795 2786 1954 2857 fines
1985 2770 2361 2859 defendere.

320 2880 505 2961 Tum
538 2914 682 2984 pars
712 2892 1021 2995 quaedam
1054 2890 1432 2981 Scytharum
1477 2910 1542 2959 et
1593 2890 2062 2961 Melanchlaen‘i
2114 2912 2182 2961 et
2226 2897 2360 2963 An·
2405 2947 2412 2962 .

323 2962 648 3086 drophagt
676 3012 743 3063 et
771 2979 993 3064 Neuri
1006 2991 1531 3086 septemtrionem
1587 3012 1850 3081 petunt,
1907 2980 2048 3085 pars
2095 2995 2360 3082 Scytha-

330 3117 476 3165 rum
522 3094 635 3165 alia
684 3095 765 3165 ab
809 3092 1171 3191 Agathyrfis
1214 3092 1502 3189 hospitio
1562 3116 1856 3187 accepta,
1898 3096 2079 3165 t'ertia
2127 3121 2364 3187 porse

328 3196 623 3269 Neuride
648 3198 840 3266 vertit
871 3202 935 3265 in
981 3198 1336 3286 Scythiam,
1380 3216 1452 3264 vt
1483 3198 1717 3265 eodem
1751 3196 2098 3267 abduceret
2127 3198 2360 3269 Persas.

324 3299 562 3369 Darius
592 3317 811 3371 errore
834 3298 1038 3393 longo
1058 3296 1348 3391 fatigatus
1379 3299 1655 3393 legatum
1688 3298 1766 3365 ad
1799 3298 2233 3385 lndathyrsum
2261 3324 2363 3369 re·

327 3422 479 3493 gem
509 3399 640 3470 mus
645 3422 707 3483 t
754 3420 829 3468 vt
872 3422 977 3471 aut
1016 3398 1318 3472 restitaret
1364 3400 1744 3492 praelioque
1793 3400 2204 3483 decerneret,
2255 3420 2364 3471 aut

325 3502 369 3572 fi
386 3501 449 3571 se
466 3504 699 3572 victum
718 3500 1029 3589 sentiret,
1012 3525 1076 3571 tn
1104 3502 1504 3595 colloquium
1523 3498 1956 3581 descenderet,
1975 3500 2018 3571 Γ
2023 3502 2250 3592 bique
2235 3492 2359 3571 narn

324 3604 600 3674 dommo
620 3624 850 3674 terram
866 3604 1115 3675 muneri
1148 3601 1345 3677 ferret
1370 3623 1438 3674 et
1463 3622 1714 3694 aquam.
1819 3602 2224 3689 lndathyrsus
2254 3626 2358 3675 re·
2413 3596 2416 3602 ’

296 3704 615 3799 spondit.
644 3706 912 3778 Nullum
929 3708 1232 3778 timorem
1253 3702 1526 3798 fugam1
1483 3700 1526 3771 Γ
1532 3706 1594 3774 bt
1626 3704 1900 3789 suadere,
1939 3726 2151 3796 neque
2183 3708 2357 3775 enim

319 3808 565 3925 oppida
593 3826 697 3878 aut
736 3828 927 3901 agros
957 3808 1164 3879 cultos
1197 3806 1305 3877 fibi
1342 3806 1484 3885 effe,
1517 3806 1746 3897 quibus
1778 3826 2034 3883 metuat,
2067 3802 2170 3873 sed
2202 3805 2361 3881 ha'nc

316 3894 569 3997 Scythis
583 3910 843 3979 viuendi
860 3908 1384 3981 consuetudinem
1405 3906 1652 4001 semper
1663 3902 1866 3991 futll‘e
1897 3926 1966 3974 vt
1985 3908 2242 3979 nullom
2261 3908 2364 3981 lo-

320 4032 406 4087 eo
424 4030 828 4085 morarentur
842 4010 1145 4096 <limium
1162 4031 1287 4106 qua
1302 4032 1371 4084 vt
1381 4004 1734 4105 quidquam
1751 4007 2172 4141 remitterent,
2197 4010 2362 4083 eaus-

2239 4114 2494 4186 sam·
