2826 4619
495 262 649 356 334
897 256 1126 327 Pasti
1180 257 1517 321 aenam!
1596 254 2125 321 atvs-ruant
2208 272 2219 281 ·

486 437 618 507 cles
665 432 1288 527 Megalopolitanus,
1351 428 1819 514 Anaxidamus,
1871 432 2021 499 alii.
2168 428 2251 499 Et
2294 448 2539 521 quanta

486 536 836 609 multitudo
865 532 1134 604 fortium
1178 554 1246 603 et
1293 532 1611 603 nobilium
1662 535 1951 603 virorum
2000 528 2235 615 fuerit,
2282 554 2371 603 ex
2404 532 2537 623 ipsa

485 641 580 710 rei
609 636 902 729 publicae
927 637 1104 705 ruina
1133 633 1224 705 est
1255 636 1627 724 cognitum,
1680 635 1767 703 de
1810 655 1938 724 qua
1966 632 2273 725 equidem
2318 634 2535 704 dicam

483 740 698 834 paucis
729 738 960 826 verbis,
989 738 1136 828 quia
1167 736 1254 807 de
1283 732 1539 804 historia
1572 756 1787 805 rerum
1814 734 2231 805 Achaicamm
2258 732 2537 807 scribere

481 864 620 914 non
640 838 900 911 institui.
997 838 1394 917 Callicrates,
1432 858 1631 929 quem
1662 860 1839 907 anno
1868 836 2157 907 Achaico
2182 858 2305 923 103.
2352 858 2537 929 prae-

480 962 698 1018 torem
719 940 904 1012 fuiss'e
931 938 1201 1033 ostendi,
1226 960 1398 1009 anno
1424 958 1575 1007 ante
1614 938 1853 1031 legatus
1888 956 2037 1009 cum
2070 936 2227 1009 effer
2258 942 2537 1023 Romae,

475 1042 836 1121 eauillaudo
867 1040 1402 1133 criminandoque
1432 1040 1692 1110 vulnera
1724 1042 1963 1133 patriae
2006 1040 2261 1109 retexit.
2394 1040 2535 1111 Hie

365 1188 378 1207 ι
478 1148 762 1241 primum
793 1165 1172 1237 cognouere
1207 1144 1518 1222 Romani,
1568 1139 1749 1232 pofl‘e
1786 1140 1965 1222 fieri,
2008 1160 2081 1209 vt
2118 1140 2415 1233 oppress'a
2455 1142 2535 1213 li·-

477 1246 724 1318 bertate
749 1244 1028 1321 Achaica
1057 1240 1170 1335 ipfi
1205 1240 1322 1311 soli
1357 1243 1573 1309 omnia
1602 1266 1727 1333 pro
1757 1244 2025 1312 arbitrio
2068 1262 2355 1333 agerent.
2452 1246 2527 1313 ln

475 1340 656 1419 bello
685 1366 836 1417 cum
859 1344 1087 1415 Perseo
1121 1340 1410 1413 Achaicis
1440 1338 1687 1413 auxiliis
1714 1365 1847 1413 non
1877 1344 2231 1413 admodum
2264 1330 2405 1412 sunt
2438 1334 2529 1413 vsi

475 1449 796 1530 Romani,
827 1448 1018 1538 quod
1059 1442 1328 1515 infidam
1369 1442 1737 1515 societatem
1770 1444 1920 1515 fore
1959 1446 2333 1527 crederent,
2374 1462 2535 1517 curu

480 1548 774 1621 nonnulli
801 1570 843 1619 e
871 1548 1314 1619 criminatione
1337 1543 1683 1617 Callicratis
1712 1546 1971 1639 suspecti
2022 1542 2238 1617 effent.
2342 1548 2535 1619 Con-

475 1640 652 1722 festo
680 1670 890 1721 autem
919 1649 1094 1721 bello
1121 1648 1590 1726 Macedonico,
1636 1649 1758 1717 iam
1786 1646 1961 1741 quali
1990 1672 2109 1741 per
2150 1650 2361 1718 otium
2394 1646 2534 1721 dn·-

477 1754 770 1827 soluendi
801 1754 1097 1845 corporis
1125 1748 1384 1821 Achaici
1413 1744 1670 1820 confilia
1698 1752 2041 1843 agitabant.
2140 1746 2371 1821 Perseo
2416 1750 2535 1822 de·

479 1858 652 1926 'vino
681 1874 768 1925 ex
795 1852 1028 1925 Achaia
1057 1854 1244 1944 legati
1279 1850 1673 1934 Callicrates,
1734 1850 2204 1935 Aristodamus,
2256 1850 2537 1943 Ageffis,

479 1954 852 2053 Philippus,
911 1959 976 2025 in
1007 1954 1459 2025 Macedoniam
1503 1976 1743 2025 venere
1782 1955 2161 2049 gratulatum
2206 1954 2291 2023 de
2332 1956 2535 2023 viclo*

449 2060 592 2133 sia.
696 2060 856 2129 lude
883 2061 972 2153 Q.
1003 2056 1228 2139 Aelio,
1261 2053 1358 2125 M.
1393 2056 1582 2125 Iunio
1613 2056 1785 2126 Coffi
1815 2080 1855 2126 e
1882 2057 2111 2127 decem
2142 2056 2365 2149 legatis
2392 2059 2535 2126 Ro*

483 2160 721 2239 manis,
773 2162 886 2251 qui
910 2159 989 2226 ad
1021 2157 1406 2227 ordinandas
1442 2178 1547 2225 res
1586 2158 2017 2229 Macedoniae
2058 2177 2397 2239 venerant,
2450 2154 2532 2230 Ca

484 2260 820 2342 Claudius,
881 2260 1004 2329 Cn.
1056 2258 1386 2328 Domitius
1440 2254 1713 2350 profedi
1761 2254 1903 2329 sunt
1974 2261 2041 2329 in
2090 2258 2419 2334 Achaiam.
2466 2255 2531 2354 ¹)

326 2437 341 2449 ,
483 2359 578 2434 lbi
613 2373 777 2432 vero
808 2359 1147 2434 criminose
1169 2357 1425 2429 accusati
1460 2363 1526 2426 in
1555 2359 1838 2429 concilio
1878 2359 2151 2444 Achaei,
2200 2379 2531 2454 tamquam

479 2463 926 2534 Macedonicis
955 2463 1144 2532 rebus
1172 2461 1368 2553 magis
1397 2481 1591 2552 quam
1622 2462 1927 2532 Romanis
1952 2466 2181 2558 aequi,
2232 2459 2533 2536 nomina·

478 2569 662 2658 tique
694 2588 828 2634 vno
857 2565 1064 2636 verbo
1095 2587 1340 2650 omnes,
1371 2565 1487 2656 qui
1514 2561 1691 2633 bello
1718 2585 1873 2634 cum
1904 2565 2131 2636 Perseo
2161 2581 2319 2658 rege
2348 2587 2528 2656 prae-

478 2660 656 2740 tores
687 2665 962 2767 fuiss'ent.
1055 2669 1294 2738 Xenon
1339 2684 1553 2736 autem
1580 2687 1847 2757 magnae
1888 2670 1991 2737 vir
2031 2667 2413 2738 austoritatis
2454 2669 2527 2737 iu

477 2769 762 2842 concilio
790 2767 1058 2840 surrexit
1077 2767 1438 2858 fiduciaque
1466 2761 1907 2849 innocentiae,-
1957 2769 2265 2860 quoniam
2298 2787 2366 2839 et
2386 2767 2531 2861 ipse

478 2892 742 2966 praetor
771 2869 1004 2954 fuerat,
1055 2871 1116 2940 se
1149 2887 1308 2940 vero
1347 2866 1626 2938 ostendit
1664 2871 1836 2940 adeo
1880 2865 2033 2940 nihil
2079 2873 2145 2939 in
2184 2873 2527 2942 Romanos

475 2973 844 3063 deliquiss‘e,
891 2993 966 3042 vt
989 2971 1092 3042 vel
1115 2972 1413 3041 Senatum
1443 2973 1807 3040 Romanum
1834 2959 2113 3044 iudicem
2146 2971 2527 3073 non-refoc-

391 3069 403 3076 ’
474 3072 701 3146 ωἰάετ.
803 3075 960 3144 Hoc
981 3075 1217 3142 diaum
1247 3074 1511 3164 arripuit
1550 3073 1795 3164 legams
1836 3077 2202 3157 Romanus,
2252 3067 2527 3168 iuffique

469 3175 754 3246 ‘Romam
787 3177 1008 3246 venire
1035 3175 1116 3244 ad
1145 3175 1404 3246 cauffam
1434 3173 1773 3246 dicendam
1802 3175 2042 3247 Achaei
2082 3176 2261 3248 mille
2298 3196 2367 3246 et
2388 3197 2527 3248 am·

481 3273 676 3366 pliliS.
727 3271 788 3369 ²)
841 3271 1266 3370 Εςςωτῆγησω
1316 3271 1430 3368 μὲν
1489 3281 1754 3365 Λχκιδν
1808 3273 1901 3368 ης),
1954 3273 2119 3366 0²70),
2190 3280 2527 3370 inquiebat-

477 3379 710 3451 xenon
727 3377 896 3469 apud
914 3377 1292 3460 Pausaniam,
1305 3383 1408 3448 cui
1422 3399 1635 3449 autem
1648 3401 1821 3448 anno
1842 3401 1989 3450 eum
2004 3399 2519 3473 egopraetorem

475 3477 868 3552 adscribam?
895 3482 1218 3575 Quoniam
1239 3481 1314 3550 C.
1335 3481 1609 3572 Popilio,
1638 3483 1707 3548 P.
1738 3480 1933 3552 Aelio
1962 3483 2133 3554 Com
2150 3481 2387 3552 bellum
2418 3483 2521 3554 in-

480 3577 720 3675 dicium
751 3581 840 3652 est
869 3581 1117 3664 Perseo,
1159 3601 1268 3652 aut
1291 3602 1438 3652 ante
1476 3583 1765 3674 priorem
1782 3581 2104 3654 Archonis
2132 3605 2523 3676 praeturam,

471 3689 622 3757 emh
640 3675 932 3774 glisceret
961 3685 1220 3765 bellum,
1249 3702 1358 3754 aut
1380 3702 1527 3752 ante
1560 3681 1897 3768 secundam
1926 3683 2247 3756 Archonis
2264 3705 2521 3778 praetu-

477 3801 786 3906 runcum
797 3805 866 3858 et
873 3785 1117 3884 gestum
1131 3783 1218 3860 est
1231 3805 1296 3856 et
1309 3781 1693 3870 confectum.
1712 3789 1875 3883 Quo
1890 3809 1997 3858 me
2011 3807 2251 3858 vertam
2270 3786 2539 3957 naslei}

2411 3911 2456 3957 ο
2510 3908 2513 3910 ,

561 4040 620 4124 ι)
647 4035 1036 4216 &3523-
1051 4053 1216 4131 ¹284·
1271 4035 1480 4138 nidus
1502 4039 1549 4110 ι.
1576 4033 1758 4112 κιν.
1785 4063 1837 4118 ε.
1860 4059 1942 4136 2¹·
2102 4043 2177 4134 a)
2212 4037 2523 4122 taurania»
