2826 4619
917 266 1026 321 uz
1077 269 1817 359 nvnc-cavente..
1880 228 1885 234 ⁵
2134 317 2141 346 ,
2240 264 2383 343 ιρι
2444 248 2457 291 ¹

339 448 540 533 quam
577 398 810 529 antigii.
905 414 1120 529 Naui,
1167 398 1240 507 vt
1266 408 1709 529 dePotupeio
1737 402 1983 521 dicam}
2044 438 2133 520 is,
2188 438 2392 535 quod„

163 610 184 618 ,
249 550 258 555 ’
341 536 770 633 exAppiano
801 555 867 609 et
897 536 1238 607 Plutarcho
1271 536 1523 629 liquido
1565 535 1847 624 constat,
1909 536 2245 633 postquam
2292 541 2377 613 ad

259 704 266 709 .
338 640 741 736 Euphratem
807 638 1110 711 assecutus
1165 637 1657 723 Mithridatem,
1738 636 1981 729 niagno
2052 644 2381 713 noaurnu

337 743 600 839 proelio
631 716 983 835 superauit,
1026 738 1330 831 fiagientis
1361 734 1669 833 vestigiis
1680 740 2051 823 inhaerens,
2092 746 2381 833 primum

341 844 664 917 diuertl't
641 866 712 913 ιιι
761 844 1168 927 Ar'meniam,
1207 841 1571 936 progressus
1624 842 1865 913 deinde
1912 844 1979 911 in
2020 844 2381 927 Albaniam.

339 944 588 1042 (quae
569 964 736 1015 intra
763 930 1108 1015 caucasum
1147 894 1703 1037 Armeniumque
1692 942 1735 1012 s
1714 964 1801 1017 ta
1829 947 2072 1035 eram·
2056 967 2119 1013 ιιι
2156 950 2379 1022 Iberos

336 1050 426 1119 ad
452 1038 960 1141 opprimendum
1003 1034 1448 1119 Mithridatem
1476 1046 1709 1117 mouit.
1808 1046 2219 1118 Mithridates
2260 1070 2375 1121 au·

339 1170 514 1235 tem,
564 1170 716 1219 cum
759 1148 1018 1217 interim
1065 1144 1485 1219 Dioscuriade
1530 1146 1943 1229 hibernall'et,
2008 1146 2377 1243 perlustrate
2454 1204 2465 1217 ,

337 1252 406 1321 ἰιι
451 1253 722 1323 circuitu
766 1271 878 1319 ora
923 1248 1224 1331 Pontica,
1305 1246 1658 1343 profugit
1641 1272 1707 1317 m
1768 1249 2126 1356 Bpsporum
2168 1270 2235 1326 et
2293 1252 2380 1329 ad

280 1360 290 1371 ‘
339 1353 626 1453 Scythas.
779 1351 862 1421 Ea
899 1350 998 1421 via
1033 1348 1210 1441 sequi
1241 1351 1589 1442 oportebat
1614 1352 1974 1423 Romanos.
2128 1354 2375 1447 Itaque,
2510 1355 2513 1363 '

342 1476 414 1524 vt
457 1455 796 1549 Appiauus
837 1450 1116 1536 dilucide
1159 1452 1392 1533 habet,
1456 1450 1525 1543 ⁶)
1573 1449 1827 1527 claustra
1869 1450 2155 1543 Scythica
2176 1502 2198 1539 ‚
2234 1474 2379 1548 qua
2438 1550 2445 1560 ,
2501 1458 2519 1473 “

341 1578 538 1628 nemo
581 1574 1028 1647 penetrauerat
1054 1572 1272 1637 antea,
1320 1556 1666 1645 Pompeius
1688 1548 1915 1625 insedit
1946 1576 2011 1627 et
2048 1558 2113 1623 in
2158 1556 2379 1654 reditu

337 1658 596 1729 Albanis
621 1658 715 1727 ob
743 1652 1176 1727 defectionem
1202 1654 1376 1725 bello
1405 1656 1619 1739 illato,
1673 1656 1845 1726 illico
1892 1654 2084 1728 vertit
2126 1658 2193 1728 in
2240 1664 2373 1731 Ar

337 1768 612 1831 menos.
747 1758 914 1827 Cum
955 1756 1034 1825 ad
1078 1755 1374 1843 Caspium
1420 1778 1595 1826 mare
1637 1759 1969 1841 tenderet,
2021 1760 2265 1831 obieeta
2308 1764 2370 1834 ei

241 1902 273 1915 ·-
337 1860 484 1932 sunt
507 1860 1010 1931 terriculamenta
1043 1859 1123 1929 ab
1151 1854 1282 1927 aliis
1312 1857 1461 1936 alia,
1512 1876 1578 1925 er
1618 1854 1965 1951 praecipue
2010 1858 2377 1954 serpentum

333 1963 728 2069 multitudo
776 1958 930 2030 teste
961 1958 1336 2061 Plutarcho.
1387 1958 1459 2049 7)
1504 1957 1668 2027 misit
1698 1979 1909 2029 tamen
1956 1958 2214 2031 suorum
2264 1964 2374 2055 ²1¹(

337 2086 512 2157 quos
553 2064 997 2155 exploratum,
1044 2081 1238 2152 atque
1263 2082 1501 2153 aquam
1540 2083 1581 2131 e
1622 2058 1857 2149 Caspio
1902 2064 2059 2131 mari
2106 2063 2373 2147 allatam,

336 2187 412 2237 vt
449 2185 596 2237 ante
621 2186 774 2235 eum
815 2163 1215 2259 Alexander,
1283 2184 1352 2233 vt
1397 2184 1606 2255 nuper
1665 2160 2059 2234 Ruthenicus
2104 2185 2372 2263 quoque
2472 2196 2483 2214 =

335 2268 690 2350 exercitus,
740 2265 994 2342 dulcem
1015 2267 1312 2358 reperit„
1375 2268 1517 2340 Ita
1560 2266 1733 2335 enim
1780 2262 1930 2335 est
1912 2290 1979 2338 ιιι
2024 2266 2367 2356 littoribus,

337 2393 483 2470 qua
483 2368 750 2442 flumina
773 2363 1190 2462 accipiuntur,
1207 2367 1501 2438 noudum
1530 2369 1749 2438 amisso
1766 2365 2015 2476 sapore.
2116 2371 2369 2452 Eodem

267 2469 306 2512 ⁹·
332 2477 557 2544 ertor'e
587 2471 822 2542 Plinius
855 2475 916 2562 ⁸)
946 2472 1134 2538 etiam
1167 2492 1304 2552 eos,
1356 2473 1471 2560 qui
1494 2469 1887 2538 Corbulonis
1912 2493 2011 2542 res
2040 2475 2106 2542 in
2137 2477 2371 2551 Arme·-
2400 2543 2416 2555 ,

333 2576 442 2644 nia
465 2575 580 2646 sub
612 2575 886 2642 Nerone
923 2559 1120 2662 gestas
1155 2591 1635 2654 commiserant,
1687 2567 1939 2663 Caspia
1952 2593 2021 2644 et
2063 2573 2371 2654 Caucasea

287 2697 292 2701 ·
333 2675 595 2747 claustra
625 2671 984 2746 confudisse
1013 2672 1398 2774 indignatur.
1502 2673 1706 2742 Addit
1722 2673 1961 2743 demde
1986 2675 2173 2744 etiam
2194 2675 2257 2768 9)
2276 2693 2368 2747 ta-
2451 2677 2463 2688 '

333 2779 554 2870 hulam
586 2769 804 2849 earum
831 2777 1172 2868 regionum
1219 2795 1286 2843 a.
1300 2773 1685 2844 Corbulone
1722 2773 1961 2844 missam
2008 2777 2073 2844 in
2119 2777 2369 2866 urbem¹¹

271 2856 307 2920 ⁴·
333 2901 585 2952 nomen
621 2875 997 2972 Caspiorum
1025 2871 1437 2948 claustrorum
1472 2873 1649 2946 isthic
1698 2879 1983 2970 ponere,
2042 2880 2155 2950 vbi
2200 2881 2370 2957 Cau·-

331 2981 506 3056 casea
535 2999 734 3052 erant
831 2975 1006 3072 Ergo
1037 2977 1374 3050 Cornelius
1405 2979 1669 3048 Tacitus
1699 3001 1965 3070 quoque
1992 2976 2223 3052 alicubi
2260 2988 2365 3072 ¹0)

333 3086 419 3158 ab
466 3105 692 3156 errore
730 3103 818 3154 eo
878 3079 1351 3150 circumuentus
1397 3077 1509 3151 est.
1624 3077 1927 3174 Claudius
1969 3083 2365 3166 Ptolemaeus

337 3183 680 3258 Caucaseas
711 3202 930 3278 portas
958 3184 1024 3251 in
1052 3183 1251 3254 lberia
1281 3181 1645 3254 Sarmaticas
1678 3185 1876 3265 dixit,
1904 3183 2156 3278 Caspias
2182 3209 2367 3270 vero
2372 3219 2381 3230 ·

333 3287 666 3382 Albania,
714 3305 782 3356 et
807 3285 918 3354 has
931 3284 1131 3354 nimis
1157 3285 1358 3378 longe
1383 3283 1665 3356 remouit
1707 3310 1739 3384 a
1768 3286 1925 3356 mari
1954 3287 2217 3380 Caspio,
2252 3287 2367 3370 nisi

333 3371 610 3460 sor-assis
639 3388 920 3469 aditum,
969 3387 1079 3456 vbi
1111 3387 1385 3480 primum
1421 3384 1667 3456 Caucasi
1711 3390 1857 3482 iuga
1904 3385 2265 3482 separantur
2300 3410 2371 3472 et
2418 3435 2429 3444 -
2506 3481 2525 3496 „

328 3489 610 3572 conuelli
637 3484 852 3560 locum
873 3485 1154 3570 faciunt,
1207 3487 1487 3560 indicare
1530 3489 1755 3562 voluit.

573 3586 853 3688 Quales
877 3610 1086 3662 autem
1125 3588 1268 3660 illae
1327 3609 1556 3682 portae
1617 3589 1889 3686 fuerint,
1937 3615 2013 3662 e·
2050 3551 2367 3678 Varrone,

334 3691 555 3788 (siue
537 3719 626 3780 ns,
679 3715 816 3784 quo
857 3689 1001 3761 vsus
1060 3689 1149 3760 est
1204 3691 1473 3779 Plinius,
1524 3691 1619 3760 M.
1681 3649 2073 3778 Terehtiur»,
2122 3691 2249 3774 fiue
2295 3698 2367 3778 Ρ,

335 3797 626 3875 Aricinus
656 3793 760 3884 fit,
810 3813 1082 3893 vterque
1117 3796 1440 3894 Pompeio
1468 3815 1671 3885 vsque
1698 3797 1799 3870 ad
1806 3795 2117 3874 summurn
2152 3795 2369 3876 discri-

1409 3897 1553 3982 G3
2221 3923 2369 3970 men
2460 3978 2465 3986 ,

420 4047 554 4131 6)p
561 4063 747 4123 ..400
777 4045 874 4112 ed.
889 4045 1038 4116 Tol.
1199 4045 1272 4128 7)
1299 4041 1344 4106 f.
1371 4043 1547 4124 638·
1672 4044 1737 4122 8)
1765 4043 1988 4118 Plinius
1996 4065 2053 4131 e
2075 4045 2367 4114 Varrone

498 4129 980 4222 9)1.V1.c.r3.
1145 4123 1909 4213 xo)Annall.V1..c33.

816 4363 1134 4469 '‘-a

2644 716 2666 756 X
