2826 4619
307 639 339 679 l

455 276 662 376 ,4⁹26
769 314 776 322 -
1115 294 1210 344 nr:
1261 286 1529 413 Ννιαις
1586 294 1975 347 ιιοΜΑιιιε

564 451 1080 558 Excuteretque
1093 456 1312 553 ferar.
1400 401 1599 529 ‘Auro
1632 477 1881 555 quoque
1908 474 2093 529 torta
2129 448 2515 558 refulgent

599 568 838 652 Retia,
889 584 1049 663 quae
1077 566 1239 631 totis
1279 567 1354 629 in
1391 578 1660 629 arenam
1707 556 2003 629 dentibus
2036 559 2293 655 exstant

601 660 940 737 Βσηιίὐὶιι
947 668 1279 759 aequatis.-
1313 678 1397 730 et
1426 670 1613 743 erat,
1678 658 1874 751 (mibi
1912 658 2130 744 crede,
2176 666 2455 757 Lycota,

601 770 680 843 Si
717 790 842 867 qua
869 762 1062 857 ftdes)
1097 762 1307 859 nollr'o
1345 762 1501 834 dens
1550 762 1799 861 longior
1827 770 2059 831 omnis
2068 775 2325 835 aratro.

497 868 800 945 Selheet’
785 893 852 940 ιιι
887 867 1140 938 summis
1183 866 1425 938 retibus
1466 864 1695 956 spicula
1728 862 1992 935 obuersa
2036 866 2306 936 harenae
2351 864 2559 953 erant,

498 995 603 1057 vt,
653 972 696 1042 fi
732 994 857 1065 qua
891 968 1117 1051 bestia,
1166 948 1513 1057 transmissa
1545 970 1811 1059 euripo,
1850 990 1973 1083 per
2002 965 2389 1055 stereobata3
2438 992 2563 1063 po·

501 1076 719 1159 dium,
779 1071 1146 1151 columnas,
1214 1068 1537 1163 epistylia,
1602 1071 1757 1139 retia
1805 1070 2148 1152 niteretur,
2223 1072 2477 1142 interim
2522 1095 2559 1143 a

497 1178 824 1249 licioribus
857 1171 1366 1265 magistratuum,
1411 1172 1523 1265 qui
1556 1174 1722 1243 inter
1770 1173 2011 1262 primae
2048 1176 2279 1242 caueae
2314 1174 2559 1267 ,specia-

497 1300 678 1352 τοι-ες
707 1274 1150 1357 θειΓεΙιιιιιιιιτ,
1201 1272 1709 1355 confoderetur,
1782 1292 1889 1341 aut
1916 1274 2043 1367 ipsa
2072 1270 2135 1345 se
2166 1271 2295 1343 fera
2338 1276 2555 1367 supre-
2664 1352 2675 1363 ,

497 1382 619 1452 mis
651 1380 880 1450 retium
911 1374 1146 1445 insidiis
1191 1374 1619 1469 configeret.
1688 1375 1871 1449 Retia
1907 1376 2121 1469 nodos
2150 1396 2419 1485 oportet
2446 1378 2561 1449 ha-

375 1498 389 1514 *
497 1482 726 1564 beant,
778 1480 1007 1573 quibus
1037 1477 1279 1549 ferrum
1319 1477 1609 1547 firmetur
1652 1494 1719 1546 et
1746 1482 2185 1547 connectatur.
2300 1482 2391 1549 Hi
2442 1504 2563 1575 nq-

499 1584 570 1653 di
601 1606 687 1655 ex
720 1579 978 1653 succino
1029 1600 1240 1660 erant,
1324 1580 1524 1649 credo
1572 1580 1742 1647 enim
1788 1580 1961 1671 apud
2014 1580 2282 1648 Plinium
2330 1562 2561 1653 reaia}

501 1686 668 1781 legi,
718 1682 1168 1764 nodat-entur,
1219 1698 1292 1751 vt
1333 1674 1580 1751 Salmas
1586 1704 1655 1749 us
1696 1680 1885 1749 etiam
1916 1678 2275 1771 suspicatur.

728 1786 957 1857 Haec
940 1808 1004 1854 ιιι
1047 1782 1424 1877 Spefilaculo
1468 1784 1918 1868 venationum,
1984 1786 2337 1867 incertum,
2390 1808 2467 1855 an
2497 1804 2565 1860 et

409 1852 418 1865 .
501 1887 952 1982 gladiatoribus
999 1888 1569 1980 congredientibus
1603 1886 1808 1955 relifia
1850 1884 2112 1955 fuerint.
2225 1890 2423 1957 Arma
2470 1910 2587 1959 ezt⁴

499 1990 759 2062 ssiccino
793 2007 1009 2069 erant,
1064 1988 1248 2081 quod
1279 1986 1623 2058 confirmat
1650 2010 1857 2058 meam
1888 1984 2255 2057 sententiam
2282 1991 2365 2058 de
2391 2011 2556 2059 tem·

497 2116 668 2185 pore
705 2090 1064 2183 gladiatorii
1096 2090 1397 2159 muneris.
1502 2090 1793 2179 Adparet
1823 2091 1993 2157 enim
2038 2090 2337 2159 Γιισείιιειε
2369 2094 2554 2163 armis

503 2194 832 2263 neminem
870 2189 1202 2259 foedatum
1245 2188 1446 2258 fuiss'e.
1568 2192 1851 2259 Primum
1901 2210 2111 2259 aurem
2154 2212 2383 2263 munus
2428 2194 2553 2267 line

497 2294 699 2366 caede
743 2291 906 2363 suin·
1001 2290 1223 2383 Digna
1287 2288 1679 2360 senatoribus
1725 2313 1791 2362 et
1819 2288 2111 2385 sequiori
2168 2296 2319 2368 sexu
2362 2319 2553 2380 arma,
2609 2300 2621 2307 '

499 2414 669 2490 quos
713 2415 822 2466 aut
871 2391 1058 2462 nullis
1102 2413 1208 2464 aut
1249 2388 1472 2462 ferreis
1516 2395 1743 2485 vtique
1806 2417 1939 2462 non
1993 2395 2264 2467 decebat
2315 2401 2554 2491 appeti.

344 2525 352 2530 ·
495 2498 769 2568 Vidisses
807 2497 1006 2588 igitur
1051 2516 1368 2565 matronas
1409 2493 1707 2566 succineo
1754 2493 1929 2566 scuto
1980 2517 2048 2566 et
2090 2499 2307 2602 gladio
2363 2503 2553 2571 ianm

495 2601 775 2671 inuicem
806 2600 1199 2689 excipientes
1219 2615 1286 2666 et
1309 2593 1695 2688 inferentes3
1748 2590 2223 2686 myrmillonem
2252 2595 2556 2696 aliquem,

495 2705 602 2774 cui
646 2725 781 2771 non
821 2701 1060 2792 triplex
1097 2703 1338 2770 circum
1367 2699 1583 2790 petitus
1606 2723 1749 2784 aes,
1821 2723 1954 2770 non
1990 2701 2201 2792 galea,
2274 2725 2407 2773 non
2452 2721 2557 2774 to-

493 2807 622 2876 tius
647 2805 948 2894 corporis
978 2822 1283 2894 tegumen
1317 2823 1404 2872 ex
1432 2797 1649 2886 ferro,
1718 2800 1825 2872 sed
1862 2805 2115 2875 succino
2160 2827 2333 2874 erat:
2399 2808 2555 2895 inde

495 2927 686 2976 ruere
711 2905 1036 2976 Threcem
1077 2925 1222 2974 cum
1265 2903 1433 2994 pelta
1480 2923 1546 2973 et
1588 2904 1839 2975 acinace
1877 2903 2195 2978 succineo.
2309 2907 2555 2982 Samnis

495 3007 722 3098 aliquis
751 3027 883 3076 non
916 3008 983 3075 in
1015 3005 1287 3074 modum
1317 3021 1603 3076 veterem
1634 3027 1791 3076 auro
1823 3027 1891 3077 et
1930 3027 2213 3098 argento·
2240 3011 2550 3083 caelatum

429 3161 436 3170 -
491 3105 772 3190 scutum,
853 3103 961 3176 sed
1019 3128 1106 3177 ex
1149 3104 1407 3176 succino
1461 3107 1657 3176 etiam
1706 3105 1913 3178 cristas
1958 3109 1999 3178 s
2006 3107 2315 3202 nistrique
2350 3105 2557 3186 cruris'

423 3263 432 3272 .
491 3231 749 3282 ocream
777 3208 1060 3301 gerebat.
1111 3226 1120 3239 ·
1160 3210 1475 3278 Retiarius
1518 3209 1861 3279 tridentem
1904 3213 2145 3280 eodem
2194 3213 2435 3284 elediro
2482 3233 2553 3288 et

490 3314 650 3384 retia
679 3303 946 3382 funali·
897 3331 951 3378 s
979 3306 1022 3378 Γ
1027 3309 1260 3380 militer
1283 3310 1521 3380 nodata
1544 3312 1916 3383 intentabat.
2020 3311 2257 3383 Nescio
2288 3317 2497 3408 quid
2478 3341 2546 3386 ιιι

475 3415 862 3509 laqueariis,
914 3407 990 3504 (fi
972 3414 1134 3504 iqui
1169 3408 1455 3506 fuerunt)
1498 3411 1857 3484 succineum
1887 3409 2013 3486 effe
2052 3417 2368 3508 potuerit,
2432 3415 2555 3488 nisi

490 3511 669 3587 forte
694 3515 918 3608 pugio.
1019 3513 1154 3584 At'
1135 3535 1201 3582 ιιι
1245 3514 1565 3584 andabatis
1604 3533 1673 3585 et
1711 3515 2023 3588 essedariis
2062 3519 2251 3590 etiam
2294 3523 2451 3618 equi
2479 3537 2551 3593 et

484 3639 710 3692 currus
731 3617 842 3687 tali
865 3635 1094 3686 ornatu
1138 3613 1628 3686 instruebantur.-

715 3719 1040 3790 Miraculo
1097 3713 1359 3790 fimilem
1408 3713 1874 3811 profufionem
1924 3717 2189 3790 sstccini!
2282 3720 2553 3818 Nempe

484 3819 619 3896 hoc
657 3821 866 3892 Plinio
897 3839 1171 3914 quoque
1203 3819 1491 3890 mirabile
1521 3817 1745 3892 visum.
1829 3819 2133 3892 credine
2176 3823 2389 3917 potest
2409 3823 2547 3896 san·

483 3922 752 4014 dapilas
769 3937 856 3992 ex
887 3915 1150 3992 succino
1173 3919 1356 3993 fififfe
1397 3935 1531 4015 τ(ιτ,
1611 3943 1775 4014 quot
1822 3921 1949 3993 ess'e
2002 3923 2067 3996 in
2082 3924 2341 3998 harena
2380 3925 2546 3998 fole-

481 4021 637 4106 baut
673 4027 1078 4139 pugnantes?
1141 4021 1501 4124 Enimuero
1544 4017 1703 4128 quid
1732 4023 2097 4116 sennen,
2132 4027 2291 4126 quid
2334 4029 2545 4100 nobili

2299 4149 2545 4206 mmo·-
